timestamp,exchange,price,size,conditions,id,tape,Symbol
2022-02-28 09:17:13.681580232+00:00,T,0.0,3,"[' ', 'T', 'I']",62879130465354,A,GRMN
2022-02-28 09:48:46.455544098+00:00,T,39.922103213242416,7,"[' ', 'T', 'I']",62879130867511,A,GRMN
2022-02-28 09:48:46.455544098+00:00,T,33.3982473222979,3,"[' ', 'T', 'I']",62879130867512,A,GRMN
2022-02-28 09:48:46.455616147+00:00,T,8.95813047711784,15,"[' ', 'F', 'T', 'I']",62879130867513,A,GRMN
2022-02-28 09:48:46.455804075+00:00,T,8.95813047711784,35,"[' ', 'F', 'T', 'I']",62879130867514,A,GRMN
2022-02-28 12:00:00.000933+00:00,K,97.07887049659205,2,"[' ', 'T', 'I']",52983525028961,A,GRMN
2022-02-28 13:43:01.430000+00:00,D,100.0,6803,"['N', 'T', 'B']",71675225069900,A,GRMN
2022-02-28 13:43:01.438000+00:00,D,100.0,16075,"['N', 'T', 'B']",71675225070131,A,GRMN
2022-02-28 13:43:01.443000+00:00,D,100.0,25835,"['N', 'T', 'B']",71675225070136,A,GRMN
2022-02-28 14:04:30.989855+00:00,K,85.78383641674786,3,"[' ', 'T', 'I']",52983525033325,A,GRMN
2022-02-28 14:04:31.511890+00:00,K,85.78383641674786,5,"[' ', 'T', 'I']",52983525033326,A,GRMN
2022-02-28 14:04:31.511890+00:00,K,85.78383641674786,7,"[' ', 'T', 'I']",52983525033327,A,GRMN
2022-02-28 14:08:26.773090304+00:00,P,82.1811100292113,2,"[' ', 'T', 'I']",52983525226037,A,GRMN
2022-02-28 14:12:33.865751808+00:00,P,87.34177215189875,5,"[' ', 'F', 'T', 'I']",52983525228850,A,GRMN
2022-02-28 14:14:47.260309503+00:00,D,87.24440116845177,4,"[' ', 'T', 'I']",71675239878743,A,GRMN
2022-02-28 14:14:56.872848603+00:00,D,87.53651411879258,11,"[' ', 'T', 'I']",71675239879505,A,GRMN
2022-02-28 14:15:05.037283224+00:00,D,87.53651411879258,2,"[' ', 'T', 'I']",71675239880259,A,GRMN
2022-02-28 14:21:55.902754350+00:00,T,92.79454722492702,4,"[' ', 'T', 'I']",62879147245897,A,GRMN
2022-02-28 14:29:30.308320043+00:00,T,87.04965920155794,1,"[' ', 'F', 'T', 'I']",62879147649112,A,GRMN
2022-02-28 14:29:30.308994560+00:00,A,83.83641674780918,99,"[' ', 'F', 'T', 'I']",52983525028150,A,GRMN
2022-02-28 14:29:30.310819+00:00,D,82.86270691333976,100,"[' ', 'T']",71675240790064,A,GRMN
2022-02-28 14:29:30.313280+00:00,D,82.86270691333976,100,"[' ', 'T']",71675240790065,A,GRMN
2022-02-28 14:29:30.314724+00:00,D,82.86270691333976,100,"[' ', 'T']",71675240790066,A,GRMN
2022-02-28 14:29:31.346106+00:00,Z,81.11002921129506,36,"[' ', 'T', 'I']",52983525029960,A,GRMN
2022-02-28 14:29:31.346106+00:00,Z,73.32035053554044,100,"[' ', 'T']",52983525029961,A,GRMN
2022-02-28 14:29:31.346213424+00:00,U,81.11002921129506,30,"[' ', 'T', 'I']",52992469193336,A,GRMN
2022-02-28 14:29:31.346224940+00:00,U,81.11002921129506,6,"[' ', 'T', 'I']",52992469193520,A,GRMN
2022-02-28 14:29:31.346225+00:00,K,82.1811100292113,3,"[' ', 'T', 'I']",52983525035336,A,GRMN
2022-02-28 14:29:31.346225+00:00,K,81.11002921129506,27,"[' ', 'T', 'I']",52983525035337,A,GRMN
2022-02-28 14:29:31.346229+00:00,Y,81.11002921129506,36,"[' ', 'T', 'I']",52983525027915,A,GRMN
2022-02-28 14:29:31.346234+00:00,J,81.11002921129506,36,"[' ', 'T', 'I']",52983525027899,A,GRMN
2022-02-28 14:29:31.346275+00:00,K,81.11002921129506,9,"[' ', 'T', 'I']",52983525035338,A,GRMN
2022-02-28 14:29:31.346292850+00:00,X,81.11002921129506,36,"[' ', 'T', 'I']",62879130152294,A,GRMN
2022-02-28 14:29:31.346295236+00:00,T,81.11002921129506,36,"[' ', 'T', 'I']",62879147649634,A,GRMN
2022-02-28 14:29:31.346296+00:00,K,79.746835443038,10,"[' ', 'T', 'I']",52983525035339,A,GRMN
2022-02-28 14:29:31.346298714+00:00,B,81.11002921129506,36,"[' ', 'T', 'I']",62879130150449,A,GRMN
2022-02-28 14:29:31.346322288+00:00,T,79.94157740993181,3,"[' ', 'F', 'T', 'I']",62879147649635,A,GRMN
2022-02-28 14:29:31.346329344+00:00,P,81.11002921129506,36,"[' ', 'T', 'I']",52983525233971,A,GRMN
2022-02-28 14:29:31.346347520+00:00,C,81.11002921129506,36,"[' ', 'T', 'I']",52983525027923,A,GRMN
2022-02-28 14:29:31.346552576+00:00,A,81.11002921129506,2,"[' ', 'F', 'T', 'I']",52983525028151,A,GRMN
2022-02-28 14:29:31.346594304+00:00,P,73.32035053554044,100,"[' ', 'T']",52983525233972,A,GRMN
2022-02-28 14:29:31.346715+00:00,K,78.28627069133394,1,"[' ', 'F', 'T', 'I']",52983525035340,A,GRMN
2022-02-28 14:29:31.346917+00:00,K,73.32035053554044,100,"[' ', 'F', 'T']",52983525035341,A,GRMN
2022-02-28 14:29:31.347120774+00:00,T,73.32035053554044,63,"[' ', 'F', 'T', 'I']",62879147649636,A,GRMN
2022-02-28 14:29:31.348066+00:00,Z,73.32035053554044,3,"[' ', 'F', 'T', 'I']",52983525029962,A,GRMN
2022-02-28 14:29:31.348066+00:00,Z,73.32035053554044,27,"[' ', 'F', 'T', 'I']",52983525029963,A,GRMN
2022-02-28 14:29:31.348066+00:00,Z,73.32035053554044,36,"[' ', 'F', 'T', 'I']",52983525029964,A,GRMN
2022-02-28 14:29:31.348066+00:00,Z,73.32035053554044,30,"[' ', 'F', 'T', 'I']",52983525029965,A,GRMN
2022-02-28 14:29:31.348066+00:00,Z,73.32035053554044,9,"[' ', 'F', 'T', 'I']",52983525029966,A,GRMN
2022-02-28 14:29:31.348066+00:00,Z,73.32035053554044,36,"[' ', 'F', 'T', 'I']",52983525029967,A,GRMN
2022-02-28 14:29:31.348066+00:00,Z,73.32035053554044,36,"[' ', 'F', 'T', 'I']",52983525029968,A,GRMN
2022-02-28 14:29:31.348066+00:00,Z,73.32035053554044,23,"[' ', 'F', 'T', 'I']",52983525029969,A,GRMN
2022-02-28 14:29:31.349434+00:00,K,81.69425511197666,100,"[' ', 'F', 'T']",52983525035342,A,GRMN
2022-02-28 14:29:31.349434+00:00,K,81.69425511197666,100,"[' ', 'F', 'T']",52983525035343,A,GRMN
2022-02-28 14:29:31.357194+00:00,Z,74.29406037000972,45,"[' ', 'F', 'T', 'I']",52983525029970,A,GRMN
2022-02-28 14:30:00.059714+00:00,D,83.10613437195715,1,"[' ', 'I']",71675241771062,A,GRMN
2022-02-28 14:30:00.059714+00:00,D,83.10613437195715,1,"[' ', 'I']",71675242038599,A,GRMN
2022-02-28 14:30:00.059714+00:00,D,83.10613437195715,1,"[' ', 'I']",71675242039606,A,GRMN
2022-02-28 14:30:00.059714+00:00,D,83.10613437195715,1,"[' ', 'I']",71675257899056,A,GRMN
2022-02-28 14:30:00.191672+00:00,D,83.10613437195715,1,"[' ', 'I']",71675240927563,A,GRMN
2022-02-28 14:30:00.376781+00:00,Z,90.3602726387537,1,"[' ', 'I']",52983525030207,A,GRMN
2022-02-28 14:30:00.394426+00:00,K,77.70204479065245,1,"[' ', 'I']",52983525035849,A,GRMN
2022-02-28 14:30:00.590709+00:00,D,84.76144109055504,1,"[' ', 'I']",71675256262449,A,GRMN
2022-02-28 14:30:00.848568+00:00,Z,90.3602726387537,1,"[' ', 'I']",52983525030219,A,GRMN
2022-02-28 14:30:01.388000+00:00,D,91.91820837390459,1,"[' ', 'I']",79371805350488,A,GRMN
2022-02-28 14:30:01.935407584+00:00,T,82.08373904576433,2,"[' ', 'O', 'I']",62879149025100,A,GRMN
2022-02-28 14:30:01.935420044+00:00,T,82.08373904576433,2,"[' ', 'Q']",62879149025101,A,GRMN
2022-02-28 14:30:02.372000+00:00,D,91.91820837390459,1,"[' ', 'I']",79371806000457,A,GRMN
2022-02-28 14:30:02.594000+00:00,D,91.91820837390459,1,"[' ', 'I']",79371806128177,A,GRMN
2022-02-28 14:30:03.013000+00:00,D,91.91820837390459,1,"[' ', 'I']",79371805930832,A,GRMN
2022-02-28 14:30:05.429000+00:00,D,77.60467380720547,1,"[' ', 'I']",79371806332505,A,GRMN
2022-02-28 14:30:05.548000+00:00,D,77.60467380720547,1,"[' ', 'I']",79371806136115,A,GRMN
2022-02-28 14:30:06.568000+00:00,D,91.91820837390459,1,"[' ', 'I']",79371806459185,A,GRMN
2022-02-28 14:30:06.963000+00:00,D,91.91820837390459,1,"[' ', 'I']",79371806525496,A,GRMN
2022-02-28 14:30:07.675000+00:00,D,91.91820837390459,1,"[' ', 'I']",79371806595153,A,GRMN
2022-02-28 14:30:08.215000+00:00,D,91.04186952288215,1,"[' ', 'I']",79371806589267,A,GRMN
2022-02-28 14:30:12.062000+00:00,D,77.70204479065245,1,"[' ', 'I']",79371820873010,A,GRMN
2022-02-28 14:30:12.250000+00:00,D,77.70204479065245,1,"[' ', 'I']",79371820942645,A,GRMN
2022-02-28 14:30:12.307000+00:00,D,91.04186952288215,1,"[' ', 'I']",79371820877138,A,GRMN
2022-02-28 14:30:12.592575488+00:00,P,89.38656280428428,1,"[' ', 'I']",52983525297731,A,GRMN
2022-02-28 14:30:12.592575488+00:00,P,89.38656280428428,1,"[' ', 'Q']",52983525297732,A,GRMN
2022-02-28 14:30:12.627465472+00:00,P,89.58130477117825,1,"[' ', 'I']",52983525297733,A,GRMN
2022-02-28 14:30:15.248000+00:00,D,82.1811100292113,1,"[' ', 'I']",71675273368913,A,GRMN
2022-02-28 14:30:15.248000+00:00,D,82.1811100292113,1,"[' ', 'I']",71675273368914,A,GRMN
2022-02-28 14:30:15.248000+00:00,D,82.1811100292113,1,"[' ', 'I']",71675273368915,A,GRMN
2022-02-28 14:30:15.248000+00:00,D,82.1811100292113,1,"[' ', 'I']",71675273368916,A,GRMN
2022-02-28 14:30:15.248000+00:00,D,82.1811100292113,1,"[' ', 'I']",71675273368917,A,GRMN
2022-02-28 14:30:15.250000+00:00,D,82.1811100292113,1,"[' ', 'I']",71675273369166,A,GRMN
2022-02-28 14:30:15.250118656+00:00,N,82.1811100292113,35467,"[' ', 'O']",52983525033042,A,GRMN
2022-02-28 14:30:15.250118656+00:00,N,82.1811100292113,35467,"[' ', 'Q']",52983525033043,A,GRMN
2022-02-28 14:30:15.250979744+00:00,D,82.1811100292113,17,"[' ', '4', 'I']",71675273364807,A,GRMN
2022-02-28 14:30:15.251000+00:00,D,82.1811100292113,1,"[' ', 'I']",71675273368885,A,GRMN
2022-02-28 14:30:15.251000+00:00,D,82.1811100292113,1,"[' ', 'I']",71675273369427,A,GRMN
2022-02-28 14:30:15.251169552+00:00,D,82.1811100292113,10,"[' ', '4', 'I']",71675273364808,A,GRMN
2022-02-28 14:30:15.251300652+00:00,D,82.1811100292113,22,"[' ', '4', 'I']",71675273364809,A,GRMN
2022-02-28 14:30:15.251340138+00:00,D,82.1811100292113,28,"[' ', '4', 'I']",71675273364811,A,GRMN
2022-02-28 14:30:15.251380609+00:00,D,82.1811100292113,44,"[' ', '4', 'I']",71675273364810,A,GRMN
2022-02-28 14:30:15.251393601+00:00,D,82.1811100292113,4,"[' ', '4', 'I']",71675273364812,A,GRMN
2022-02-28 14:30:15.251427018+00:00,D,82.1811100292113,204,"[' ', '4']",71675273364813,A,GRMN
2022-02-28 14:30:15.251452917+00:00,D,82.1811100292113,5,"[' ', '4', 'I']",71675273364814,A,GRMN
2022-02-28 14:30:15.251465836+00:00,D,82.1811100292113,5,"[' ', '4', 'I']",71675273364815,A,GRMN
2022-02-28 14:30:15.251503531+00:00,D,82.1811100292113,32,"[' ', '4', 'I']",71675273364818,A,GRMN
2022-02-28 14:30:15.251554744+00:00,D,82.1811100292113,182,"[' ', '4']",71675273364816,A,GRMN
2022-02-28 14:30:15.251588172+00:00,D,82.1811100292113,44,"[' ', '4', 'I']",71675273364817,A,GRMN
2022-02-28 14:30:15.251639084+00:00,D,82.1811100292113,61,"[' ', '4', 'I']",71675273364819,A,GRMN
2022-02-28 14:30:15.251662670+00:00,D,82.1811100292113,67,"[' ', '4', 'I']",71675273364820,A,GRMN
2022-02-28 14:30:15.252074+00:00,D,82.1811100292113,58,"[' ', '4', 'I']",71675273364821,A,GRMN
2022-02-28 14:30:15.252266+00:00,D,82.1811100292113,13,"[' ', '4', 'I']",71675273364822,A,GRMN
2022-02-28 14:30:15.252844+00:00,D,82.1811100292113,483,"[' ', '4']",71675273364824,A,GRMN
2022-02-28 14:30:15.253000+00:00,D,82.1811100292113,1,"[' ', 'I']",71675273368880,A,GRMN
2022-02-28 14:30:15.254008832+00:00,N,82.1811100292113,3,"[' ', 'F', 'I']",52983525033044,A,GRMN
2022-02-28 14:30:15.255000+00:00,D,82.1811100292113,1,"[' ', '4', 'I']",71675273366087,A,GRMN
2022-02-28 14:30:15.282000+00:00,D,82.1811100292113,1,"[' ', '4', 'I']",71675273366090,A,GRMN
2022-02-28 14:30:15.288345606+00:00,D,81.01265822784806,1,"[' ', 'I']",71675273365065,A,GRMN
2022-02-28 14:30:15.754243435+00:00,T,81.40214216163587,2,"[' ', 'I']",62879181201505,A,GRMN
2022-02-28 14:30:15.754283934+00:00,T,83.34956183057454,1,"[' ', 'F', 'I']",62879181201506,A,GRMN
2022-02-28 14:30:16.387000+00:00,D,80.91528724440123,8,"[' ', 'I']",71675273425238,A,GRMN
2022-02-28 14:30:17.154000+00:00,D,80.91528724440123,1,"[' ', 'I']",79371821266233,A,GRMN
2022-02-28 14:30:17.314601+00:00,D,85.78383641674786,1,"[' ', 'I']",71675273432148,A,GRMN
2022-02-28 14:30:18.696523+00:00,D,77.60467380720547,1,"[' ', '4', 'I']",71675273498714,A,GRMN
2022-02-28 14:30:19.750000+00:00,D,80.91528724440123,1,"[' ', 'I']",79371821462090,A,GRMN
2022-02-28 14:30:20.492552+00:00,D,80.91528724440123,195,[' '],71675273622580,A,GRMN
2022-02-28 14:30:20.603059216+00:00,V,85.2969814995131,6,"[' ', 'I']",53001128068415,A,GRMN
2022-02-28 14:30:21.375750253+00:00,V,85.68646543330088,1,"[' ', 'I']",53001177741893,A,GRMN
2022-02-28 14:30:27.738000+00:00,D,81.5968841285297,1,"[' ', 'I']",79371822518865,A,GRMN
2022-02-28 14:30:30.478094964+00:00,X,85.68646543330088,200,[' '],62879130275395,A,GRMN
2022-02-28 14:30:30.478425+00:00,Z,85.68646543330088,7,"[' ', 'I']",52983525031775,A,GRMN
2022-02-28 14:30:30.478532+00:00,K,85.78383641674786,28,"[' ', 'I']",52983525037149,A,GRMN
2022-02-28 14:30:30.478578489+00:00,T,85.39435248296007,100,[' '],62879181785151,A,GRMN
2022-02-28 14:30:30.478587473+00:00,T,85.78383641674786,100,[' '],62879181785152,A,GRMN
2022-02-28 14:30:30.478587473+00:00,T,85.78383641674786,100,[' '],62879181785153,A,GRMN
2022-02-28 14:30:30.478603+00:00,K,85.78383641674786,10,"[' ', 'I']",52983525037150,A,GRMN
2022-02-28 14:30:30.478633+00:00,K,85.78383641674786,177,[' '],52983525037151,A,GRMN
2022-02-28 14:30:30.478633+00:00,K,85.78383641674786,1,"[' ', 'I']",52983525037152,A,GRMN
2022-02-28 14:30:30.478697675+00:00,T,85.78383641674786,100,[' '],62879181785154,A,GRMN
2022-02-28 14:30:30.478925559+00:00,V,85.78383641674786,17,"[' ', 'I']",53001779165795,A,GRMN
2022-02-28 14:30:30.478958344+00:00,V,85.78383641674786,3,"[' ', 'I']",53001779166542,A,GRMN
2022-02-28 14:30:30.478983239+00:00,V,85.78383641674786,80,"[' ', 'I']",53001779166792,A,GRMN
2022-02-28 14:30:30.479019264+00:00,N,86.2706913339825,30,"[' ', 'F', 'I']",52983525034832,A,GRMN
2022-02-28 14:30:30.479027712+00:00,P,86.2706913339825,20,"[' ', 'F', 'I']",52983525356598,A,GRMN
2022-02-28 14:30:30.479032576+00:00,N,86.2706913339825,60,"[' ', 'F', 'I']",52983525034833,A,GRMN
2022-02-28 14:30:30.479033088+00:00,N,86.2706913339825,10,"[' ', 'F', 'I']",52983525034834,A,GRMN
2022-02-28 14:30:30.479039744+00:00,P,86.2706913339825,30,"[' ', 'F', 'I']",52983525356599,A,GRMN
2022-02-28 14:30:30.479044352+00:00,P,86.2706913339825,50,"[' ', 'F', 'I']",52983525356600,A,GRMN
2022-02-28 14:30:30.479110207+00:00,V,85.78383641674786,100,[' '],53001779169114,A,GRMN
2022-02-28 14:30:30.479272982+00:00,T,86.2706913339825,15,"[' ', 'F', 'I']",62879181785155,A,GRMN
2022-02-28 14:30:30.479289649+00:00,T,86.2706913339825,15,"[' ', 'F', 'I']",62879181785156,A,GRMN
2022-02-28 14:30:30.479297700+00:00,T,86.2706913339825,19,"[' ', 'F', 'I']",62879181785157,A,GRMN
2022-02-28 14:30:30.479360402+00:00,T,86.2706913339825,51,"[' ', 'I']",62879181785158,A,GRMN
2022-02-28 14:30:30.479360402+00:00,T,86.2706913339825,52,"[' ', 'I']",62879181785159,A,GRMN
2022-02-28 14:30:30.479387438+00:00,T,86.2706913339825,48,"[' ', 'I']",62879181785160,A,GRMN
2022-02-28 14:30:30.479480832+00:00,N,86.2706913339825,100,[' '],52983525034835,A,GRMN
2022-02-28 14:30:30.479482368+00:00,P,86.2706913339825,100,[' '],52983525356601,A,GRMN
2022-02-28 14:30:30.551391281+00:00,D,86.66017526777016,103,[' '],71675274604851,A,GRMN
2022-02-28 14:30:30.849756+00:00,D,85.00486854917241,100,[' '],71675274605636,A,GRMN
2022-02-28 14:30:31.021578+00:00,D,84.81012658227846,10,"[' ', 'I']",71675274611523,A,GRMN
2022-02-28 14:30:32.849408+00:00,D,84.90749756572544,100,[' '],71675274746457,A,GRMN
2022-02-28 14:30:32.852931500+00:00,D,85.19961051606624,11,"[' ', 'I']",79371822651440,A,GRMN
2022-02-28 14:30:39.590000+00:00,D,82.08373904576433,1,"[' ', 'I']",79371822974554,A,GRMN
2022-02-28 14:30:40.306000+00:00,D,90.84712755598834,1,"[' ', 'I']",79371822977863,A,GRMN
2022-02-28 14:30:45.401000+00:00,D,90.84712755598834,1,"[' ', 'I']",79371823108676,A,GRMN
2022-02-28 14:30:48.690000+00:00,D,85.10321324245376,133,[' '],71675275458889,A,GRMN
2022-02-28 14:30:49.381000+00:00,D,85.10223953261927,100,[' '],71675275464268,A,GRMN
2022-02-28 14:30:49.858324315+00:00,D,85.67672833495614,4,"[' ', 'I']",71675275523672,A,GRMN
2022-02-28 14:30:51.217037+00:00,D,85.10321324245376,1,"[' ', 'I']",71675275654221,A,GRMN
2022-02-28 14:30:51.844369464+00:00,D,90.94449853943532,1,"[' ', 'I']",71675275655238,A,GRMN
2022-02-28 14:30:52.634000+00:00,D,85.32521908471281,53,"[' ', 'I']",71675275661651,A,GRMN
2022-02-28 14:30:52.675984640+00:00,N,86.07594936708868,50,"[' ', 'I']",52983525037377,A,GRMN
2022-02-28 14:30:52.675984640+00:00,N,85.2969814995131,38,"[' ', 'I']",52983525037378,A,GRMN
2022-02-28 14:30:55.821000+00:00,D,85.39532619279457,2,"[' ', 'I']",71675275790930,A,GRMN
2022-02-28 14:30:56.624027114+00:00,D,86.00486854917241,2,"[' ', 'I']",71675289809230,A,GRMN
2022-02-28 14:30:57.802216052+00:00,D,88.21811100292119,1,"[' ', 'I']",71675289816903,A,GRMN
2022-02-28 14:30:58.516000+00:00,D,82.1811100292113,1,"[' ', 'I']",79371823368505,A,GRMN
2022-02-28 14:30:59.848000+00:00,D,85.49269717624156,1,"[' ', 'I']",71675289882937,A,GRMN
2022-02-28 14:31:00.642861053+00:00,D,90.84712755598834,1,"[' ', 'I']",71675289941817,A,GRMN
2022-02-28 14:31:01.837353587+00:00,D,85.5890944498539,4,"[' ', 'I']",71675290006348,A,GRMN
2022-02-28 14:31:02.703906616+00:00,D,86.00486854917241,1,"[' ', 'I']",71675290012997,A,GRMN
2022-02-28 14:31:03.926000+00:00,D,85.49269717624156,3,"[' ', 'I']",71675290073412,A,GRMN
2022-02-28 14:31:04.712000+00:00,D,85.49269717624156,2,"[' ', 'I']",71675290079065,A,GRMN
2022-02-28 14:31:05.902000+00:00,D,85.49269717624156,3,"[' ', 'I']",71675290141496,A,GRMN
2022-02-28 14:31:06.717842668+00:00,D,88.21811100292119,4,"[' ', 'I']",71675290146359,A,GRMN
2022-02-28 14:31:07.922263255+00:00,D,85.5890944498539,2,"[' ', 'I']",71675290208345,A,GRMN
2022-02-28 14:31:09.971000+00:00,D,85.49269717624156,3,"[' ', 'I']",71675290276661,A,GRMN
2022-02-28 14:31:10.789000+00:00,D,85.49269717624156,4,"[' ', 'I']",71675290339381,A,GRMN
2022-02-28 14:31:13.263294+00:00,D,85.49269717624156,4,"[' ', 'I']",71675290409538,A,GRMN
2022-02-28 14:31:20.143201110+00:00,D,85.5890944498539,2,"[' ', 'I']",71675291121987,A,GRMN
2022-02-28 14:31:22.781000+00:00,D,85.49172346640705,116,[' '],71675291195193,A,GRMN
2022-02-28 14:31:22.851000+00:00,D,88.21811100292119,271,[' '],71675291195475,A,GRMN
2022-02-28 14:31:23.599734510+00:00,D,85.49172346640705,100,[' '],71675291255602,A,GRMN
2022-02-28 14:31:26.123476922+00:00,D,86.00486854917241,2,"[' ', 'I']",71675291324211,A,GRMN
2022-02-28 14:31:26.570227238+00:00,V,90.55501460564753,10,"[' ', 'I']",53013828286000,A,GRMN
2022-02-28 14:31:30.620333408+00:00,V,85.5890944498539,4,"[' ', 'I']",53014013625169,A,GRMN
2022-02-28 14:31:51.143038023+00:00,D,85.5890944498539,2,"[' ', 'I']",71675292300119,A,GRMN
2022-02-28 14:31:52.957000+00:00,D,85.49269717624156,42,"[' ', 'I']",71675292309592,A,GRMN
2022-02-28 14:31:52.999000+00:00,D,85.49172346640705,316,[' '],71675292309847,A,GRMN
2022-02-28 14:32:02.939340545+00:00,D,87.11197663096397,360,[' '],71675306785091,A,GRMN
2022-02-28 14:32:03.737892443+00:00,D,86.2706913339825,100,[' '],71675306848304,A,GRMN
2022-02-28 14:32:03.738735104+00:00,N,86.2706913339825,100,[' '],52983525102664,A,GRMN
2022-02-28 14:32:03.738949+00:00,K,86.2706913339825,100,[' '],52983525040214,A,GRMN
2022-02-28 14:32:03.738954+00:00,Z,86.2706913339825,93,"[' ', 'I']",52983525035060,A,GRMN
2022-02-28 14:32:03.738954+00:00,Z,86.2706913339825,7,"[' ', 'I']",52983525035061,A,GRMN
2022-02-28 14:32:03.738969+00:00,K,86.2706913339825,142,[' '],52983525040215,A,GRMN
2022-02-28 14:32:03.738969+00:00,K,86.2706913339825,100,[' '],52983525040216,A,GRMN
2022-02-28 14:32:03.738969+00:00,K,86.2706913339825,100,[' '],52983525040217,A,GRMN
2022-02-28 14:32:03.738976+00:00,Z,86.2706913339825,36,"[' ', 'I']",52983525035062,A,GRMN
2022-02-28 14:32:03.738976+00:00,Z,86.2706913339825,100,[' '],52983525035063,A,GRMN
2022-02-28 14:32:03.738978905+00:00,T,86.66017526777016,100,[' '],62879196918861,A,GRMN
2022-02-28 14:32:03.739032610+00:00,T,86.66017526777016,2,"[' ', 'I']",62879196918862,A,GRMN
2022-02-28 14:32:03.739038+00:00,Z,86.2706913339825,43,"[' ', 'I']",52983525035064,A,GRMN
2022-02-28 14:32:03.739044+00:00,K,86.2706913339825,100,[' '],52983525040218,A,GRMN
2022-02-28 14:32:03.739108088+00:00,T,86.66017526777016,2,"[' ', 'I']",62879196918863,A,GRMN
2022-02-28 14:32:03.739139+00:00,Z,86.2706913339825,5,"[' ', 'F', 'I']",52983525035065,A,GRMN
2022-02-28 14:32:03.739168782+00:00,T,86.66017526777016,10,"[' ', 'F', 'I']",62879196918864,A,GRMN
2022-02-28 14:32:03.739184818+00:00,T,86.2706913339825,2,"[' ', 'F', 'I']",62879196918865,A,GRMN
2022-02-28 14:32:03.739196+00:00,K,86.2706913339825,10,"[' ', 'F', 'I']",52983525040219,A,GRMN
2022-02-28 14:32:03.739207+00:00,Z,86.2706913339825,43,"[' ', 'I']",52983525035066,A,GRMN
2022-02-28 14:32:03.739208934+00:00,T,86.07594936708868,2,"[' ', 'F', 'I']",62879196918866,A,GRMN
2022-02-28 14:32:03.739235+00:00,K,86.2706913339825,90,"[' ', 'I']",52983525040220,A,GRMN
2022-02-28 14:32:03.739246+00:00,Z,86.2706913339825,9,"[' ', 'F', 'I']",52983525035067,A,GRMN
2022-02-28 14:32:03.739248694+00:00,T,85.8812074001947,2,"[' ', 'F', 'I']",62879196918867,A,GRMN
2022-02-28 14:32:03.739273909+00:00,T,85.78383641674786,4,"[' ', 'F', 'I']",62879196918868,A,GRMN
2022-02-28 14:32:03.739471360+00:00,N,85.49172346640705,72,"[' ', 'I']",52983525102665,A,GRMN
2022-02-28 14:32:03.740009472+00:00,N,84.4206426484908,20,"[' ', 'F', 'I']",52983525102666,A,GRMN
2022-02-28 14:32:03.740130254+00:00,V,85.78383641674786,7,"[' ', 'I']",53018492356936,A,GRMN
2022-02-28 14:32:03.740130254+00:00,V,85.78383641674786,3,"[' ', 'I']",53018492356972,A,GRMN
2022-02-28 14:32:03.740633303+00:00,V,85.78383641674786,10,"[' ', 'I']",53018492358481,A,GRMN
2022-02-28 14:32:03.740748+00:00,Z,85.49172346640705,10,"[' ', 'F', 'I']",52983525035068,A,GRMN
2022-02-28 14:32:03.741116819+00:00,V,85.78383641674786,10,"[' ', 'I']",53018492359472,A,GRMN
2022-02-28 14:32:03.741595527+00:00,V,85.78383641674786,2,"[' ', 'I']",53018492360508,A,GRMN
2022-02-28 14:32:03.741595527+00:00,V,85.78383641674786,8,"[' ', 'I']",53018492360523,A,GRMN
2022-02-28 14:32:03.742078285+00:00,V,85.78383641674786,10,"[' ', 'I']",53018492362300,A,GRMN
2022-02-28 14:32:03.742573842+00:00,V,85.78383641674786,7,"[' ', 'I']",53018492363598,A,GRMN
2022-02-28 14:32:04.777499136+00:00,N,84.4206426484908,80,"[' ', 'F', 'I']",52983525102677,A,GRMN
2022-02-28 14:32:04.777517642+00:00,T,85.00486854917241,136,"[' ', 'F']",62879196924773,A,GRMN
2022-02-28 14:32:04.777517642+00:00,T,84.51801363193763,64,"[' ', 'F', 'I']",62879196924774,A,GRMN
2022-02-28 14:32:04.777743478+00:00,T,84.4206426484908,100,"[' ', 'F']",62879196924775,A,GRMN
2022-02-28 14:32:06.355884+00:00,D,82.27945472249264,1,"[' ', 'I']",71675306979414,A,GRMN
2022-02-28 14:32:11.426000+00:00,D,81.889970788705,1,"[' ', 'I']",71675307121224,A,GRMN
2022-02-28 14:32:19.548066765+00:00,D,82.66796494644593,1,"[' ', 'I']",71675307902514,A,GRMN
2022-02-28 14:32:22.064000+00:00,D,84.76144109055504,22,"[' ', 'I']",71675308028232,A,GRMN
2022-02-28 14:32:23.573299484+00:00,D,82.66796494644593,1,"[' ', 'I']",71675308037944,A,GRMN
2022-02-28 14:32:31.900314+00:00,D,81.79259980525802,1,"[' ', 'I']",71675308421703,A,GRMN
2022-02-28 14:32:33.906758+00:00,D,81.79259980525802,1,"[' ', 'I']",71675308488278,A,GRMN
2022-02-28 14:32:35.000642509+00:00,D,82.1811100292113,1,"[' ', 'I']",71675308491598,A,GRMN
2022-02-28 14:32:35.000667199+00:00,D,82.1811100292113,1,"[' ', 'I']",71675308491596,A,GRMN
2022-02-28 14:32:35.000694529+00:00,D,82.1811100292113,1,"[' ', 'I']",71675308491600,A,GRMN
2022-02-28 14:32:35.000728919+00:00,D,82.1811100292113,1,"[' ', 'I']",71675308491599,A,GRMN
2022-02-28 14:32:35.199221904+00:00,D,87.09737098344701,2,"[' ', 'I']",79371839491402,A,GRMN
2022-02-28 14:32:36.488707914+00:00,D,84.76144109055504,2,"[' ', 'I']",71675308553796,A,GRMN
2022-02-28 14:32:40.908447+00:00,D,81.889970788705,1,"[' ', 'I']",71675308749878,A,GRMN
2022-02-28 14:32:43.001000+00:00,D,81.889970788705,44,"[' ', 'I']",71675308757062,A,GRMN
2022-02-28 14:32:52.946150+00:00,D,81.88899707887049,79,"[' ', 'I']",71675309273433,A,GRMN
2022-02-28 14:32:52.980000+00:00,D,84.031158714703,251,[' '],71675309273668,A,GRMN
2022-02-28 14:32:54.599359612+00:00,D,82.66796494644593,1,"[' ', 'I']",71675309339218,A,GRMN
2022-02-28 14:32:56.801000+00:00,D,87.62414800389483,1,"[' ', 'F', 'I']",71675323368533,A,GRMN
2022-02-28 14:32:57.930159+00:00,D,81.98636806231748,100,[' '],71675323430213,A,GRMN
2022-02-28 14:33:18.873997300+00:00,D,85.57156767283357,16,"[' ', 'I']",71675324812120,A,GRMN
2022-02-28 14:33:26.714567942+00:00,D,82.66796494644593,5,"[' ', 'I']",71675325138998,A,GRMN
2022-02-28 14:33:32.874502107+00:00,D,84.76144109055504,13,"[' ', 'I']",79371840013914,A,GRMN
2022-02-28 14:33:40.137000+00:00,D,87.04965920155794,80,"[' ', 'I']",71675325664079,A,GRMN
2022-02-28 14:33:40.137000+00:00,D,87.04965920155794,20,"[' ', 'I']",71675325664080,A,GRMN
2022-02-28 14:33:40.137000+00:00,D,87.04965920155794,80,"[' ', 'I']",71675325664081,A,GRMN
2022-02-28 14:33:40.137384+00:00,K,85.8812074001947,100,[' '],52983525043289,A,GRMN
2022-02-28 14:33:40.137512+00:00,K,87.04965920155794,80,"[' ', 'F', 'I']",52983525043290,A,GRMN
2022-02-28 14:33:40.137527+00:00,D,87.04965920155794,50,"[' ', 'I']",71675325664078,A,GRMN
2022-02-28 14:33:40.137530+00:00,K,87.04965920155794,70,"[' ', 'F', 'I']",52983525043291,A,GRMN
2022-02-28 14:33:40.305122560+00:00,N,85.10223953261927,100,[' '],52983525226318,A,GRMN
2022-02-28 14:33:47.965535+00:00,D,82.96007789678676,100,[' '],71675325929038,A,GRMN
2022-02-28 14:33:48.031273+00:00,Z,85.49172346640705,10,"[' ', 'I']",52983525037903,A,GRMN
2022-02-28 14:33:48.031273+00:00,Z,84.81012658227846,20,"[' ', 'I']",52983525037904,A,GRMN
2022-02-28 14:34:02.075628800+00:00,A,83.25219084712757,60,"[' ', 'F', 'I']",52983525036098,A,GRMN
2022-02-28 14:34:09.015449+00:00,D,83.25219084712757,100,[' '],71675340731206,A,GRMN
2022-02-28 14:34:09.077442762+00:00,T,83.4469328140214,100,"[' ', 'F']",62879199875163,A,GRMN
2022-02-28 14:34:09.077516+00:00,K,83.34956183057454,100,"[' ', 'F']",52983525044273,A,GRMN
2022-02-28 14:34:16.389666441+00:00,T,83.15481986368057,100,"[' ', 'F']",62879200008011,A,GRMN
2022-02-28 14:34:16.389838+00:00,K,83.15481986368057,100,"[' ', 'F']",52983525044303,A,GRMN
2022-02-28 14:34:16.389994+00:00,K,83.15481986368057,10,"[' ', 'F', 'I']",52983525044304,A,GRMN
2022-02-28 14:34:16.390109216+00:00,T,83.05744888023374,100,"[' ', 'F']",62879200008255,A,GRMN
2022-02-28 14:34:16.390191087+00:00,T,82.96007789678676,100,"[' ', 'F']",62879200008260,A,GRMN
2022-02-28 14:34:16.390272+00:00,K,83.15481986368057,10,"[' ', 'F', 'I']",52983525044305,A,GRMN
2022-02-28 14:34:16.390350+00:00,K,83.15481986368057,70,"[' ', 'I']",52983525044306,A,GRMN
2022-02-28 14:34:16.390402401+00:00,T,82.86270691333976,45,"[' ', 'F', 'I']",62879200008280,A,GRMN
2022-02-28 14:34:16.390404022+00:00,T,82.86270691333976,15,"[' ', 'F', 'I']",62879200008284,A,GRMN
2022-02-28 14:34:16.390404471+00:00,T,82.86270691333976,15,"[' ', 'F', 'I']",62879200008285,A,GRMN
2022-02-28 14:34:16.390427087+00:00,T,82.86270691333976,25,"[' ', 'F', 'I']",62879200008287,A,GRMN
2022-02-28 14:34:16.390481+00:00,K,83.15481986368057,20,"[' ', 'F', 'I']",52983525044307,A,GRMN
2022-02-28 14:34:16.390481+00:00,K,83.15481986368057,8,"[' ', 'F', 'I']",52983525044308,A,GRMN
2022-02-28 14:34:16.390585+00:00,K,83.15481986368057,15,"[' ', 'F', 'I']",52983525044309,A,GRMN
2022-02-28 14:34:16.390596+00:00,K,83.15481986368057,20,"[' ', 'I']",52983525044310,A,GRMN
2022-02-28 14:34:16.390612+00:00,K,83.15481986368057,10,"[' ', 'F', 'I']",52983525044311,A,GRMN
2022-02-28 14:34:16.390621+00:00,K,83.15481986368057,100,"[' ', 'F']",52983525044312,A,GRMN
2022-02-28 14:34:16.390639+00:00,K,83.15481986368057,15,"[' ', 'F', 'I']",52983525044313,A,GRMN
2022-02-28 14:34:16.391261+00:00,K,83.15481986368057,8,"[' ', 'F', 'I']",52983525044314,A,GRMN
2022-02-28 14:34:16.391742+00:00,K,83.15481986368057,22,"[' ', 'F', 'I']",52983525044317,A,GRMN
2022-02-28 14:34:16.391880+00:00,Z,82.66796494644593,13,"[' ', 'F', 'I']",52983525038917,A,GRMN
2022-02-28 14:34:16.392197+00:00,D,83.15481986368057,100,[' '],71675341396025,A,GRMN
2022-02-28 14:34:16.392205+00:00,K,83.15481986368057,1,"[' ', 'F', 'I']",52983525044320,A,GRMN
2022-02-28 14:34:16.392358+00:00,K,83.15481986368057,90,"[' ', 'F', 'I']",52983525044321,A,GRMN
2022-02-28 14:34:16.392600320+00:00,N,82.37585199610513,4,"[' ', 'F', 'I']",52983525232197,A,GRMN
2022-02-28 14:34:17.086690+00:00,D,82.1811100292113,100,[' '],71675341457228,A,GRMN
2022-02-28 14:34:17.091334+00:00,K,82.1811100292113,1,"[' ', 'F', 'I']",52983525044329,A,GRMN
2022-02-28 14:34:17.092186112+00:00,N,82.1811100292113,99,"[' ', 'I']",52983525232208,A,GRMN
2022-02-28 14:34:33.107660120+00:00,D,82.7692307692308,112,[' '],71675342042167,A,GRMN
2022-02-28 14:34:39.084599+00:00,D,82.47322297955212,100,[' '],71675342242386,A,GRMN
2022-02-28 14:34:39.104087+00:00,J,84.32327166504382,4,"[' ', 'I']",52983525030250,A,GRMN
2022-02-28 14:34:44.561000+00:00,D,84.90749756572544,1,"[' ', 'I']",71675342435666,A,GRMN
2022-02-28 14:34:57.604873303+00:00,V,84.51801363193763,9,"[' ', 'I']",53043793579866,A,GRMN
2022-02-28 14:34:57.605099160+00:00,T,84.7127555988316,10,"[' ', 'F', 'I']",62879200865594,A,GRMN
2022-02-28 14:34:57.605131693+00:00,T,84.7127555988316,40,"[' ', 'F', 'I']",62879200865595,A,GRMN
2022-02-28 14:34:57.605131693+00:00,T,84.90749756572544,17,"[' ', 'F', 'I']",62879200865596,A,GRMN
2022-02-28 14:34:57.605167693+00:00,T,84.90749756572544,40,"[' ', 'I']",62879200865597,A,GRMN
2022-02-28 14:34:57.605251+00:00,K,84.7127555988316,18,"[' ', 'F', 'I']",52983525045333,A,GRMN
2022-02-28 14:34:57.605273+00:00,K,84.7127555988316,10,"[' ', 'F', 'I']",52983525045334,A,GRMN
2022-02-28 14:34:57.605285+00:00,K,84.7127555988316,2,"[' ', 'F', 'I']",52983525045335,A,GRMN
2022-02-28 14:34:57.605285+00:00,K,84.90749756572544,10,"[' ', 'F', 'I']",52983525045336,A,GRMN
2022-02-28 14:34:57.605285+00:00,K,84.90749756572544,3,"[' ', 'F', 'I']",52983525045337,A,GRMN
2022-02-28 14:34:57.605327+00:00,K,84.90749756572544,5,"[' ', 'F', 'I']",52983525045338,A,GRMN
2022-02-28 14:34:57.605340+00:00,K,84.90749756572544,12,"[' ', 'F', 'I']",52983525045339,A,GRMN
2022-02-28 14:34:57.605361+00:00,K,84.90749756572544,80,"[' ', 'I']",52983525045340,A,GRMN
2022-02-28 14:34:57.605361+00:00,K,84.90749756572544,18,"[' ', 'I']",52983525045341,A,GRMN
2022-02-28 14:34:57.605388032+00:00,N,84.90749756572544,2,"[' ', 'I']",52983525291314,A,GRMN
2022-02-28 14:34:57.605461+00:00,D,84.90749756572544,100,[' '],71675342834486,A,GRMN
2022-02-28 14:34:57.605516882+00:00,T,85.00486854917241,100,"[' ', 'F']",62879200865598,A,GRMN
2022-02-28 14:34:57.605516882+00:00,T,85.00486854917241,400,"[' ', 'F']",62879200865599,A,GRMN
2022-02-28 14:34:57.605516882+00:00,T,85.00486854917241,1,"[' ', 'F', 'I']",62879200865600,A,GRMN
2022-02-28 14:34:57.605562036+00:00,T,85.10223953261927,15,"[' ', 'F', 'I']",62879200865601,A,GRMN
2022-02-28 14:34:57.605565789+00:00,T,85.10223953261927,30,"[' ', 'F', 'I']",62879200865602,A,GRMN
2022-02-28 14:34:57.605579486+00:00,T,85.10223953261927,15,"[' ', 'F', 'I']",62879200865603,A,GRMN
2022-02-28 14:34:57.605592636+00:00,T,85.10223953261927,30,"[' ', 'F', 'I']",62879200865604,A,GRMN
2022-02-28 14:34:57.605594689+00:00,T,84.90749756572544,66,"[' ', 'I']",62879200865605,A,GRMN
2022-02-28 14:34:57.605596718+00:00,T,85.10223953261927,10,"[' ', 'F', 'I']",62879200865606,A,GRMN
2022-02-28 14:34:57.605666+00:00,Z,85.10223953261927,67,"[' ', 'F', 'I']",52983525039727,A,GRMN
2022-02-28 14:34:57.605667970+00:00,D,84.858812074002,100,[' '],71675342833744,A,GRMN
2022-02-28 14:34:57.605729536+00:00,N,83.98247322297958,100,[' '],52983525291315,A,GRMN
2022-02-28 14:34:57.605731+00:00,K,85.2969814995131,33,"[' ', 'F', 'I']",52983525045342,A,GRMN
2022-02-28 14:34:57.605772336+00:00,T,84.90749756572544,10,"[' ', 'F', 'I']",62879200865607,A,GRMN
2022-02-28 14:34:57.605814192+00:00,T,84.81012658227846,34,"[' ', 'I']",62879200865608,A,GRMN
2022-02-28 14:34:57.605884+00:00,K,85.2969814995131,32,"[' ', 'I']",52983525045343,A,GRMN
2022-02-28 14:34:57.605890304+00:00,N,85.19961051606624,15,"[' ', 'F', 'I']",52983525291316,A,GRMN
2022-02-28 14:34:57.605920256+00:00,N,85.19961051606624,30,"[' ', 'F', 'I']",52983525291317,A,GRMN
2022-02-28 14:34:57.605933568+00:00,N,85.19961051606624,20,"[' ', 'F', 'I']",52983525291318,A,GRMN
2022-02-28 14:34:57.605941309+00:00,T,84.61538461538463,10,"[' ', 'F', 'I']",62879200865609,A,GRMN
2022-02-28 14:34:57.606000+00:00,D,84.40116845180133,100,[' '],71675342833746,A,GRMN
2022-02-28 14:34:57.606274602+00:00,T,85.49172346640705,30,"[' ', 'F', 'I']",62879200865610,A,GRMN
2022-02-28 14:34:57.606276462+00:00,T,85.49172346640705,60,"[' ', 'F', 'I']",62879200865611,A,GRMN
2022-02-28 14:34:57.606278418+00:00,T,85.49172346640705,10,"[' ', 'F', 'I']",62879200865612,A,GRMN
2022-02-28 14:34:57.606297626+00:00,T,85.49172346640705,70,"[' ', 'I']",62879200865613,A,GRMN
2022-02-28 14:34:57.606384558+00:00,T,85.49172346640705,100,[' '],62879200865614,A,GRMN
2022-02-28 14:34:57.606406+00:00,K,85.5890944498539,33,"[' ', 'F', 'I']",52983525045344,A,GRMN
2022-02-28 14:34:57.606515460+00:00,T,84.32327166504382,10,"[' ', 'F', 'I']",62879200865615,A,GRMN
2022-02-28 14:34:57.606565071+00:00,X,84.90749756572544,2,"[' ', 'F', 'I']",62879130739552,A,GRMN
2022-02-28 14:34:57.606571507+00:00,T,84.90749756572544,6,"[' ', 'F', 'I']",62879200865616,A,GRMN
2022-02-28 14:34:57.606571507+00:00,T,84.90749756572544,2,"[' ', 'F', 'I']",62879200865617,A,GRMN
2022-02-28 14:34:57.606628+00:00,K,84.51801363193763,10,"[' ', 'F', 'I']",52983525045345,A,GRMN
2022-02-28 14:34:57.606632+00:00,Z,84.4206426484908,10,"[' ', 'F', 'I']",52983525039728,A,GRMN
2022-02-28 14:34:57.606639874+00:00,U,85.10223953261927,29,"[' ', 'I']",53005338900321,A,GRMN
2022-02-28 14:34:57.606640487+00:00,U,85.10223953261927,7,"[' ', 'I']",53005338900324,A,GRMN
2022-02-28 14:34:57.606640904+00:00,U,85.10223953261927,10,"[' ', 'F', 'I']",53005338900327,A,GRMN
2022-02-28 14:34:57.606680512+00:00,T,85.39435248296007,2,"[' ', 'F', 'I']",62879200865618,A,GRMN
2022-02-28 14:34:57.606749748+00:00,T,85.39435248296007,98,"[' ', 'I']",62879200865619,A,GRMN
2022-02-28 14:34:57.606922574+00:00,T,85.49172346640705,30,"[' ', 'F', 'I']",62879200865620,A,GRMN
2022-02-28 14:34:57.607000+00:00,D,85.5890944498539,11,"[' ', 'I']",71675342833745,A,GRMN
2022-02-28 14:34:57.607133184+00:00,N,85.00486854917241,2,"[' ', 'I']",52983525291319,A,GRMN
2022-02-28 14:34:57.607184640+00:00,N,85.00486854917241,8,"[' ', 'F', 'I']",52983525291320,A,GRMN
2022-02-28 14:34:57.607212232+00:00,D,84.4206426484908,3,"[' ', 'I']",79371854628147,A,GRMN
2022-02-28 14:34:57.607921333+00:00,B,85.49172346640705,1,"[' ', 'F', 'I']",62879130604597,A,GRMN
2022-02-28 14:34:57.610408369+00:00,T,85.49172346640705,100,"[' ', 'F']",62879200865621,A,GRMN
2022-02-28 14:34:57.610408369+00:00,T,85.49172346640705,34,"[' ', 'F', 'I']",62879200865622,A,GRMN
2022-02-28 14:34:57.610627+00:00,K,85.49172346640705,100,[' '],52983525045346,A,GRMN
2022-02-28 14:34:57.693007+00:00,D,86.07594936708868,1,"[' ', 'I']",71675342835001,A,GRMN
2022-02-28 14:34:58.490083+00:00,K,85.00486854917241,100,[' '],52983525045358,A,GRMN
2022-02-28 14:34:58.490094742+00:00,T,85.00486854917241,100,[' '],62879200917572,A,GRMN
2022-02-28 14:34:58.490248072+00:00,T,85.10223953261927,4,"[' ', 'I']",62879200917573,A,GRMN
2022-02-28 14:34:58.490271+00:00,K,85.00486854917241,100,[' '],52983525045359,A,GRMN
2022-02-28 14:34:58.490288+00:00,K,85.00486854917241,100,[' '],52983525045360,A,GRMN
2022-02-28 14:34:58.490343+00:00,Z,84.4206426484908,56,"[' ', 'I']",52983525039738,A,GRMN
2022-02-28 14:34:58.490354+00:00,K,85.00486854917241,26,"[' ', 'I']",52983525045361,A,GRMN
2022-02-28 14:34:58.490444+00:00,K,85.00486854917241,47,"[' ', 'I']",52983525045362,A,GRMN
2022-02-28 14:34:58.805882+00:00,D,84.22590068159683,100,[' '],71675342893912,A,GRMN
2022-02-28 14:34:58.805882+00:00,D,83.83641674780918,100,[' '],71675342893913,A,GRMN
2022-02-28 14:35:00.789703800+00:00,D,86.54333008763383,1,"[' ', 'I']",71675356925772,A,GRMN
2022-02-28 14:35:13.673558+00:00,D,83.83739045764368,1,"[' ', 'I']",71675358163254,A,GRMN
2022-02-28 14:35:18.837448636+00:00,D,83.93378773125616,1,"[' ', 'I']",71675358302768,A,GRMN
2022-02-28 14:35:23.152913315+00:00,D,83.93378773125616,116,[' '],71675358496849,A,GRMN
2022-02-28 14:35:33.161117440+00:00,N,83.93378773125616,100,[' '],52983525298243,A,GRMN
2022-02-28 14:35:33.161117440+00:00,N,83.83641674780918,95,"[' ', 'I']",52983525298244,A,GRMN
2022-02-28 14:35:33.165091840+00:00,N,83.83641674780918,52,"[' ', 'F', 'I']",52983525298245,A,GRMN
2022-02-28 14:35:33.216256+00:00,D,86.75657254138264,1,"[' ', 'I']",71675358959191,A,GRMN
2022-02-28 14:35:33.858253970+00:00,T,84.7127555988316,1,"[' ', 'F', 'I']",62879214880596,A,GRMN
2022-02-28 14:35:33.858273897+00:00,T,84.7127555988316,1,"[' ', 'F', 'I']",62879214880597,A,GRMN
2022-02-28 14:35:33.858275811+00:00,T,84.7127555988316,1,"[' ', 'F', 'I']",62879214880598,A,GRMN
2022-02-28 14:35:33.861529344+00:00,P,85.8812074001947,74,"[' ', 'I']",52983526147651,A,GRMN
2022-02-28 14:35:36.677776+00:00,K,86.07594936708868,1,"[' ', 'F', 'I']",52983525046899,A,GRMN
2022-02-28 14:35:38.763000+00:00,D,85.47224926971757,18,"[' ', 'I']",71675359150646,A,GRMN
2022-02-28 14:35:43.661079289+00:00,D,85.24829600778968,1,"[' ', 'I']",71675359287860,A,GRMN
2022-02-28 14:35:53.383000+00:00,D,83.86465433300876,53,"[' ', 'I']",71675359615297,A,GRMN
2022-02-28 14:35:53.399000+00:00,D,84.81110029211295,537,[' '],71675359615306,A,GRMN
2022-02-28 14:35:53.458238382+00:00,D,84.1090555014605,53,"[' ', 'I']",71675359615571,A,GRMN
2022-02-28 14:35:56.481000+00:00,D,85.2969814995131,4,"[' ', 'I']",71675373704280,A,GRMN
2022-02-28 14:36:03.268000+00:00,D,83.93378773125616,112,[' '],71675373966132,A,GRMN
2022-02-28 14:36:03.308045+00:00,D,85.24829600778968,284,[' '],71675373966388,A,GRMN
2022-02-28 14:36:05.733223280+00:00,D,83.93378773125616,100,[' '],71675374094901,A,GRMN
2022-02-28 14:36:13.785856+00:00,K,85.97857838364169,1,"[' ', 'F', 'I']",52983525094456,A,GRMN
2022-02-28 14:36:15.951977883+00:00,V,84.858812074002,3,"[' ', 'I']",53057214754921,A,GRMN
2022-02-28 14:36:15.994924+00:00,D,85.68646543330088,50,"[' ', 'I']",71675375007025,A,GRMN
2022-02-28 14:36:15.994976+00:00,D,85.68646543330088,47,"[' ', 'I']",71675375006805,A,GRMN
2022-02-28 14:36:25.689000+00:00,D,85.68646543330088,1,"[' ', 'I']",71675375277622,A,GRMN
2022-02-28 14:36:26.123492+00:00,K,84.031158714703,100,[' '],52983525094518,A,GRMN
2022-02-28 14:36:26.123578368+00:00,N,84.031158714703,100,[' '],52983525357890,A,GRMN
2022-02-28 14:36:26.123592106+00:00,T,84.031158714703,100,[' '],62879216188496,A,GRMN
2022-02-28 14:36:26.123652352+00:00,N,84.031158714703,100,[' '],52983525357891,A,GRMN
2022-02-28 14:36:26.123689522+00:00,T,83.93378773125616,40,"[' ', 'F', 'I']",62879216188497,A,GRMN
2022-02-28 14:36:26.123696428+00:00,T,83.93378773125616,15,"[' ', 'F', 'I']",62879216188498,A,GRMN
2022-02-28 14:36:26.123697350+00:00,T,83.93378773125616,15,"[' ', 'F', 'I']",62879216188499,A,GRMN
2022-02-28 14:36:26.123698432+00:00,N,84.031158714703,100,"[' ', 'F']",52983525357892,A,GRMN
2022-02-28 14:36:26.123700736+00:00,N,84.031158714703,100,[' '],52983525357893,A,GRMN
2022-02-28 14:36:26.123701760+00:00,N,84.031158714703,100,[' '],52983525357894,A,GRMN
2022-02-28 14:36:26.123716608+00:00,N,84.031158714703,100,[' '],52983525357895,A,GRMN
2022-02-28 14:36:26.123725056+00:00,N,84.031158714703,5,"[' ', 'F', 'I']",52983525357896,A,GRMN
2022-02-28 14:36:26.123732+00:00,K,84.031158714703,100,[' '],52983525094519,A,GRMN
2022-02-28 14:36:26.123735808+00:00,N,84.031158714703,100,[' '],52983525357897,A,GRMN
2022-02-28 14:36:26.123743232+00:00,N,84.031158714703,100,[' '],52983525357898,A,GRMN
2022-02-28 14:36:26.123782+00:00,K,84.031158714703,100,"[' ', 'F']",52983525094520,A,GRMN
2022-02-28 14:36:26.123795712+00:00,N,84.031158714703,22,"[' ', 'F', 'I']",52983525357899,A,GRMN
2022-02-28 14:36:26.123827712+00:00,N,84.031158714703,35,"[' ', 'F', 'I']",52983525357900,A,GRMN
2022-02-28 14:36:26.123853056+00:00,N,84.031158714703,45,"[' ', 'F', 'I']",52983525357901,A,GRMN
2022-02-28 14:36:26.123855104+00:00,N,84.031158714703,146,"[' ', 'F']",52983525357902,A,GRMN
2022-02-28 14:36:26.123938304+00:00,N,83.83641674780918,189,[' '],52983525357903,A,GRMN
2022-02-28 14:36:26.123938304+00:00,N,83.7390457643622,32,"[' ', 'I']",52983525357904,A,GRMN
2022-02-28 14:36:26.123953189+00:00,T,83.93378773125616,30,"[' ', 'F', 'I']",62879216188500,A,GRMN
2022-02-28 14:36:26.123953189+00:00,T,83.83641674780918,100,"[' ', 'F']",62879216188501,A,GRMN
2022-02-28 14:36:26.123995136+00:00,N,83.7390457643622,21,"[' ', 'F', 'I']",52983525357905,A,GRMN
2022-02-28 14:36:26.124152+00:00,K,83.7390457643622,1,"[' ', 'F', 'I']",52983525094521,A,GRMN
2022-02-28 14:36:26.124172032+00:00,N,84.031158714703,49,"[' ', 'F', 'I']",52983525357906,A,GRMN
2022-02-28 14:36:26.124172677+00:00,T,83.7390457643622,80,"[' ', 'F', 'I']",62879216188502,A,GRMN
2022-02-28 14:36:26.124233203+00:00,T,83.7390457643622,20,"[' ', 'F', 'I']",62879216188503,A,GRMN
2022-02-28 14:36:26.124247+00:00,K,83.83641674780918,2,"[' ', 'I']",52983525094522,A,GRMN
2022-02-28 14:36:26.124392+00:00,K,83.7390457643622,90,"[' ', 'I']",52983525094704,A,GRMN
2022-02-28 14:36:26.131093296+00:00,T,83.7390457643622,20,"[' ', 'I']",62879216189027,A,GRMN
2022-02-28 14:36:26.803473+00:00,D,82.5705939629991,100,[' '],71675375338574,A,GRMN
2022-02-28 14:36:26.803474+00:00,D,82.47322297955212,400,[' '],71675375338575,A,GRMN
2022-02-28 14:36:26.877197339+00:00,T,82.76533592989293,100,"[' ', 'F']",62879216192362,A,GRMN
2022-02-28 14:36:26.877419008+00:00,N,82.5705939629991,100,[' '],52983525357909,A,GRMN
2022-02-28 14:36:26.877444864+00:00,N,82.47322297955212,100,[' '],52983525357910,A,GRMN
2022-02-28 14:36:26.877637431+00:00,U,83.54430379746837,27,"[' ', 'I']",53009699465806,A,GRMN
2022-02-28 14:36:31.267236707+00:00,D,83.93378773125616,100,[' '],71675375475028,A,GRMN
2022-02-28 14:36:32.341138727+00:00,D,82.97955209347609,100,[' '],71675375537219,A,GRMN
2022-02-28 14:36:32.808558606+00:00,T,83.93378773125616,100,[' '],62879216383075,A,GRMN
2022-02-28 14:36:34.647215615+00:00,T,84.61538461538463,8,"[' ', 'F', 'I']",62879216455505,A,GRMN
2022-02-28 14:36:39.534209+00:00,Z,85.19961051606624,1,"[' ', 'I']",52983525044061,A,GRMN
2022-02-28 14:36:40.050495632+00:00,V,82.86270691333976,1,"[' ', 'I']",53061407241547,A,GRMN
2022-02-28 14:36:49.439807230+00:00,D,85.10223953261927,1,"[' ', 'I']",71675376195653,A,GRMN
2022-02-28 14:36:52.241193553+00:00,T,85.19961051606624,100,[' '],62879216844096,A,GRMN
2022-02-28 14:36:52.241193553+00:00,T,85.19961051606624,100,[' '],62879216844097,A,GRMN
2022-02-28 14:36:52.241228800+00:00,N,85.19961051606624,100,[' '],52983525361745,A,GRMN
2022-02-28 14:36:52.241232494+00:00,T,85.19961051606624,10,"[' ', 'F', 'I']",62879216844098,A,GRMN
2022-02-28 14:36:52.241357+00:00,K,85.19961051606624,37,"[' ', 'F', 'I']",52983525095517,A,GRMN
2022-02-28 14:36:52.241372+00:00,Z,85.19961051606624,5,"[' ', 'F', 'I']",52983525044550,A,GRMN
2022-02-28 14:36:52.241565+00:00,Z,85.19961051606624,5,"[' ', 'F', 'I']",52983525044551,A,GRMN
2022-02-28 14:36:52.241636+00:00,Z,85.19961051606624,5,"[' ', 'I']",52983525044552,A,GRMN
2022-02-28 14:36:52.241666263+00:00,T,85.2969814995131,100,[' '],62879216844101,A,GRMN
2022-02-28 14:36:52.241695430+00:00,T,85.2969814995131,60,"[' ', 'F', 'I']",62879216844102,A,GRMN
2022-02-28 14:36:52.241701675+00:00,T,85.2969814995131,40,"[' ', 'I']",62879216844103,A,GRMN
2022-02-28 14:36:52.241701675+00:00,T,85.2969814995131,96,"[' ', 'I']",62879216844104,A,GRMN
2022-02-28 14:36:52.241708488+00:00,T,85.2969814995131,4,"[' ', 'F', 'I']",62879216844105,A,GRMN
2022-02-28 14:36:52.241738677+00:00,T,85.2969814995131,9,"[' ', 'I']",62879216844106,A,GRMN
2022-02-28 14:36:52.241794703+00:00,T,85.19961051606624,7,"[' ', 'I']",62879216844107,A,GRMN
2022-02-28 14:36:52.241879735+00:00,T,85.2969814995131,91,"[' ', 'I']",62879216844108,A,GRMN
2022-02-28 14:36:52.241968537+00:00,T,85.39435248296007,100,[' '],62879216844109,A,GRMN
2022-02-28 14:36:52.243675601+00:00,T,85.68646543330088,100,[' '],62879216844111,A,GRMN
2022-02-28 14:36:52.321921+00:00,D,86.95228821811097,21,"[' ', 'I']",71675376325684,A,GRMN
2022-02-28 14:37:04.023932+00:00,D,87.43914313534574,25,"[' ', 'I']",71675508177231,A,GRMN
2022-02-28 14:37:04.026000+00:00,D,87.24440116845177,100,[' '],71675508177230,A,GRMN
2022-02-28 14:37:04.026470+00:00,D,87.34177215189875,50,"[' ', 'I']",71675508177233,A,GRMN
2022-02-28 14:37:04.026479+00:00,D,87.43914313534574,100,[' '],71675508177232,A,GRMN
2022-02-28 14:37:04.026497+00:00,D,87.43914313534574,100,[' '],71675508177234,A,GRMN
2022-02-28 14:37:04.078448+00:00,D,87.43914313534574,100,[' '],71675508179288,A,GRMN
2022-02-28 14:37:04.078448+00:00,D,87.43914313534574,138,[' '],71675508179290,A,GRMN
2022-02-28 14:37:04.078450+00:00,Z,87.43914313534574,10,"[' ', 'F', 'I']",52983525044852,A,GRMN
2022-02-28 14:37:04.078461696+00:00,N,87.43914313534574,200,"[' ', 'F']",52983525362764,A,GRMN
2022-02-28 14:37:04.078464868+00:00,T,87.43914313534574,5,"[' ', 'F', 'I']",62879217051477,A,GRMN
2022-02-28 14:37:04.078664+00:00,Z,87.43914313534574,9,"[' ', 'F', 'I']",52983525044853,A,GRMN
2022-02-28 14:37:04.078863+00:00,Z,87.82862706913339,3,"[' ', 'F', 'I']",52983525044854,A,GRMN
2022-02-28 14:37:04.078874+00:00,Z,87.82862706913339,5,"[' ', 'F', 'I']",52983525044855,A,GRMN
2022-02-28 14:37:04.078990353+00:00,T,87.43914313534574,7,"[' ', 'F', 'I']",62879217051478,A,GRMN
2022-02-28 14:37:04.079099136+00:00,N,87.92599805258038,100,[' '],52983525362765,A,GRMN
2022-02-28 14:37:05.661244+00:00,D,89.9221032132425,4,"[' ', 'I']",71675508248113,A,GRMN
2022-02-28 14:37:15.008069+00:00,D,89.33787731256086,100,[' '],71675509035600,A,GRMN
2022-02-28 14:37:22.130409804+00:00,T,87.92599805258038,6,"[' ', 'I']",62879217503029,A,GRMN
2022-02-28 14:37:22.130459904+00:00,P,87.82862706913339,6,"[' ', 'I']",52983526279473,A,GRMN
2022-02-28 14:37:22.130649084+00:00,T,87.92599805258038,4,"[' ', 'I']",62879217503030,A,GRMN
2022-02-28 14:37:22.131117427+00:00,T,87.92599805258038,4,"[' ', 'I']",62879217503042,A,GRMN
2022-02-28 14:37:24.777695+00:00,D,87.87731256085681,1,"[' ', 'I']",71675509427510,A,GRMN
2022-02-28 14:37:27.134000+00:00,D,88.23076923076928,10,"[' ', 'I']",71675509495602,A,GRMN
2022-02-28 14:37:28.687984684+00:00,T,87.92599805258038,12,"[' ', 'I']",62879217692776,A,GRMN
2022-02-28 14:37:28.688835095+00:00,T,87.92599805258038,6,"[' ', 'I']",62879217693035,A,GRMN
2022-02-28 14:37:28.689555356+00:00,T,87.92599805258038,6,"[' ', 'I']",62879217693276,A,GRMN
2022-02-28 14:37:29.540588032+00:00,P,87.82862706913339,6,"[' ', 'I']",52983526280499,A,GRMN
2022-02-28 14:37:29.540846893+00:00,T,87.24440116845177,4,"[' ', 'I']",62879217704014,A,GRMN
2022-02-28 14:37:29.540897280+00:00,P,87.82862706913339,4,"[' ', 'I']",52983526280500,A,GRMN
2022-02-28 05:15:28.849000+00:00,D,42.140468227424996,10,"['@', 'T', 'I']",8,C,ZM
2022-02-28 09:00:00.000092+00:00,K,66.88963210702352,10,"['@', 'T', 'I']",1,C,ZM
2022-02-28 09:00:00.000092+00:00,K,66.88963210702352,4,"['@', 'T', 'I']",2,C,ZM
2022-02-28 09:00:00.000092+00:00,K,66.88963210702352,25,"['@', 'T', 'I']",3,C,ZM
2022-02-28 09:00:01.395907+00:00,K,33.44481605351176,10,"['@', 'F', 'T', 'I']",4,C,ZM
2022-02-28 09:00:04.327640+00:00,K,26.755852842809315,10,"['@', 'F', 'T', 'I']",5,C,ZM
2022-02-28 09:00:09.414024704+00:00,P,33.44481605351176,2,"['@', 'F', 'T', 'I']",1,C,ZM
2022-02-28 09:00:09.501374976+00:00,P,33.44481605351176,25,"['@', 'F', 'T', 'I']",2,C,ZM
2022-02-28 09:00:09.530845184+00:00,P,33.44481605351176,5,"['@', 'F', 'T', 'I']",3,C,ZM
2022-02-28 09:00:12.949190144+00:00,P,33.77926421404705,1,"['@', 'F', 'T', 'I']",4,C,ZM
2022-02-28 09:00:16.361452734+00:00,Q,30.769230769230877,10,"['@', 'T', 'I']",1,C,ZM
2022-02-28 09:00:52.450685440+00:00,P,28.09364548495,1,"['@', 'T', 'I']",5,C,ZM
2022-02-28 09:03:28.586643712+00:00,P,26.421404682274503,1,"['@', 'T', 'I']",6,C,ZM
2022-02-28 09:03:30.034542592+00:00,P,26.421404682274503,6,"['@', 'T', 'I']",7,C,ZM
2022-02-28 09:03:30.325337856+00:00,P,26.421404682274503,6,"['@', 'T', 'I']",8,C,ZM
2022-02-28 09:03:38.328807358+00:00,Q,26.421404682274503,1,"['@', 'T', 'I']",2,C,ZM
2022-02-28 09:04:23.908020992+00:00,P,26.421404682274503,6,"['@', 'T', 'I']",9,C,ZM
2022-02-28 09:04:35.242945536+00:00,P,27.759197324414707,6,"['@', 'T', 'I']",10,C,ZM
2022-02-28 09:04:35.942415104+00:00,P,33.11036789297647,6,"['@', 'T', 'I']",11,C,ZM
2022-02-28 09:05:13.640933+00:00,K,16.72240802675588,3,"['@', 'F', 'T', 'I']",6,C,ZM
2022-02-28 09:06:19.971979264+00:00,P,33.44481605351176,11,"['@', 'F', 'T', 'I']",12,C,ZM
2022-02-28 09:06:19.971979264+00:00,P,33.77926421404705,292,"['@', 'F', 'T']",13,C,ZM
2022-02-28 09:06:19.972270376+00:00,Q,37.45819397993333,10,"['@', 'F', 'T', 'I']",3,C,ZM
2022-02-28 09:06:19.972448455+00:00,Q,37.45819397993333,2,"['@', 'T', 'I']",4,C,ZM
2022-02-28 09:06:19.972450304+00:00,P,37.45819397993333,10,"['@', 'F', 'T', 'I']",14,C,ZM
2022-02-28 09:06:20.869401+00:00,K,66.88963210702352,11,"['@', 'T', 'I']",7,C,ZM
2022-02-28 09:06:20.869401+00:00,K,83.6120401337794,15,"['@', 'T', 'I']",8,C,ZM
2022-02-28 09:07:36.299699968+00:00,P,18.394648829431375,10,"['@', 'T', 'I']",15,C,ZM
2022-02-28 09:07:41.635396608+00:00,P,43.812709030100486,10,"['@', 'T', 'I']",16,C,ZM
2022-02-28 09:07:42.238774471+00:00,Q,37.45819397993333,5,"['@', 'T', 'I']",5,C,ZM
2022-02-28 09:07:48.157252036+00:00,Q,35.45150501672254,81,"['@', 'F', 'T', 'I']",6,C,ZM
2022-02-28 09:07:48.157307566+00:00,Q,45.48494983277598,10,"['@', 'F', 'T', 'I']",7,C,ZM
2022-02-28 09:07:48.157529856+00:00,P,45.48494983277598,10,"['@', 'F', 'T', 'I']",17,C,ZM
2022-02-28 09:07:48.157670345+00:00,Q,45.48494983277598,1,"['@', 'T', 'I']",8,C,ZM
2022-02-28 09:09:10.802305+00:00,K,83.6120401337794,5,"['@', 'T', 'I']",9,C,ZM
2022-02-28 09:09:26.370039643+00:00,Q,33.44481605351176,2,"['@', 'F', 'T', 'I']",9,C,ZM
2022-02-28 09:10:27.804186878+00:00,Q,33.44481605351176,5,"['@', 'F', 'T', 'I']",10,C,ZM
2022-02-28 09:11:29.762366611+00:00,Q,16.72240802675588,60,"['@', 'T', 'I']",11,C,ZM
2022-02-28 09:11:29.762439421+00:00,Q,16.72240802675588,230,"['@', 'F', 'T']",12,C,ZM
2022-02-28 09:11:29.833991680+00:00,P,33.77926421404705,1,"['@', 'T', 'I']",18,C,ZM
2022-02-28 09:29:11.011659264+00:00,P,16.72240802675588,150,"['@', 'F', 'T']",19,C,ZM
2022-02-28 09:29:34.177750068+00:00,Q,29.765886287625488,10,"['@', 'F', 'T', 'I']",13,C,ZM
2022-02-28 09:30:04.527973456+00:00,Q,29.765886287625488,11,"['@', 'T', 'I']",14,C,ZM
2022-02-28 09:30:09.122465+00:00,K,31.43812709030098,10,"['@', 'T', 'I']",10,C,ZM
2022-02-28 09:30:09.122912438+00:00,Q,29.765886287625488,60,"['@', 'F', 'T', 'I']",15,C,ZM
2022-02-28 09:30:09.122912438+00:00,Q,33.44481605351176,106,"['@', 'F', 'T']",16,C,ZM
2022-02-28 09:30:09.122912438+00:00,Q,33.44481605351176,50,"['@', 'F', 'T', 'I']",17,C,ZM
2022-02-28 09:30:09.122966932+00:00,Q,37.12374581939804,10,"['@', 'F', 'T', 'I']",18,C,ZM
2022-02-28 09:30:09.122969047+00:00,Q,37.12374581939804,2,"['@', 'F', 'T', 'I']",19,C,ZM
2022-02-28 09:30:09.123179776+00:00,P,37.12374581939804,10,"['@', 'F', 'T', 'I']",20,C,ZM
2022-02-28 09:30:09.123201280+00:00,P,37.12374581939804,1,"['@', 'F', 'T', 'I']",21,C,ZM
2022-02-28 09:30:47.689033963+00:00,Q,33.44481605351176,3,"['@', 'T', 'I']",20,C,ZM
2022-02-28 09:31:37.262549499+00:00,Q,47.49163879598676,10,"['@', 'F', 'T', 'I']",21,C,ZM
2022-02-28 09:31:37.262551344+00:00,Q,47.49163879598676,10,"['@', 'F', 'T', 'I']",22,C,ZM
2022-02-28 09:31:52.496887909+00:00,Q,47.15719063545147,10,"['@', 'F', 'T', 'I']",23,C,ZM
2022-02-28 09:31:52.496887909+00:00,Q,44.1471571906353,5,"['@', 'F', 'T', 'I']",24,C,ZM
2022-02-28 09:31:52.496887909+00:00,Q,43.4782608695652,5,"['@', 'F', 'T', 'I']",25,C,ZM
2022-02-28 09:32:02.812516350+00:00,Q,43.4782608695652,15,"['@', 'F', 'T', 'I']",26,C,ZM
2022-02-28 09:36:50.250044+00:00,K,33.44481605351176,10,"['@', 'T', 'I']",11,C,ZM
2022-02-28 09:37:25.866985+00:00,K,33.44481605351176,64,"['@', 'T', 'I']",12,C,ZM
2022-02-28 09:41:06.336969229+00:00,Q,17.391304347825983,10,"['@', 'F', 'T', 'I']",27,C,ZM
2022-02-28 09:41:33.508388456+00:00,Q,17.391304347825983,50,"['@', 'T', 'I']",28,C,ZM
2022-02-28 09:41:33.508388456+00:00,Q,11.705685618728927,10,"['@', 'T', 'I']",29,C,ZM
2022-02-28 09:41:33.508388456+00:00,Q,1.672240802675493,10,"['@', 'T', 'I']",30,C,ZM
2022-02-28 09:41:33.508388456+00:00,Q,0.0,1,"['@', 'T', 'I']",31,C,ZM
2022-02-28 09:41:33.508388456+00:00,Q,0.0,4,"['@', 'T', 'I']",32,C,ZM
2022-02-28 09:41:33.508639744+00:00,P,13.377926421404895,6,"['@', 'F', 'T', 'I']",22,C,ZM
2022-02-28 09:41:33.508641737+00:00,Q,0.0,297,"['@', 'F', 'T']",33,C,ZM
2022-02-28 09:41:33.508663504+00:00,Q,0.0,513,"['@', 'F', 'T']",34,C,ZM
2022-02-28 09:41:33.508692224+00:00,P,3.344481605350986,10,"['@', 'F', 'T', 'I']",23,C,ZM
2022-02-28 09:41:33.508715549+00:00,Q,0.0,115,"['@', 'F', 'T']",35,C,ZM
2022-02-28 09:42:13.174097155+00:00,Q,15.71906354515049,10,"['@', 'F', 'T', 'I']",36,C,ZM
2022-02-28 09:42:13.174097155+00:00,Q,16.72240802675588,54,"['@', 'F', 'T', 'I']",37,C,ZM
2022-02-28 09:42:13.174676127+00:00,Q,16.72240802675588,246,"['@', 'T']",38,C,ZM
2022-02-28 09:42:13.175124729+00:00,Q,21.40468227424755,12,"['@', 'T', 'I']",39,C,ZM
2022-02-28 09:42:13.175177728+00:00,P,21.40468227424755,10,"['@', 'T', 'I']",24,C,ZM
2022-02-28 09:42:13.185337843+00:00,Q,42.8093645484951,5,"['@', 'T', 'I']",40,C,ZM
2022-02-28 09:42:13.185337843+00:00,Q,44.481605351170586,45,"['@', 'T', 'I']",41,C,ZM
2022-02-28 09:42:34.811474256+00:00,Q,44.481605351170586,5,"['@', 'T', 'I']",42,C,ZM
2022-02-28 09:53:06.888129549+00:00,Q,43.4782608695652,10,"['@', 'F', 'T', 'I']",43,C,ZM
2022-02-28 09:55:58.937262342+00:00,Q,33.44481605351176,10,"['@', 'F', 'T', 'I']",44,C,ZM
2022-02-28 09:58:10.795196389+00:00,Q,38.79598662207353,31,"['@', 'T', 'I']",45,C,ZM
2022-02-28 09:58:10.795563462+00:00,Q,38.79598662207353,19,"['@', 'T', 'I']",46,C,ZM
2022-02-28 09:58:17.847748196+00:00,Q,33.77926421404705,10,"['@', 'T', 'I']",47,C,ZM
2022-02-28 09:58:34.610126480+00:00,Q,33.77926421404705,90,"['@', 'F', 'T', 'I']",48,C,ZM
2022-02-28 09:58:34.610126480+00:00,Q,33.44481605351176,5,"['@', 'F', 'T', 'I']",49,C,ZM
2022-02-28 09:59:36.304316772+00:00,Q,34.448160535117154,10,"['@', 'F', 'T', 'I']",50,C,ZM
2022-02-28 09:59:36.304316772+00:00,Q,33.44481605351176,5,"['@', 'F', 'T', 'I']",51,C,ZM
2022-02-28 10:04:29.056265364+00:00,Q,46.48829431438137,10,"['@', 'T', 'I']",52,C,ZM
2022-02-28 10:07:23.052602499+00:00,Q,33.44481605351176,10,"['@', 'F', 'T', 'I']",53,C,ZM
2022-02-28 10:11:11.290844980+00:00,Q,33.44481605351176,80,"['@', 'F', 'T', 'I']",54,C,ZM
2022-02-28 10:11:11.290844980+00:00,Q,33.44481605351176,3,"['@', 'F', 'T', 'I']",55,C,ZM
2022-02-28 10:11:11.290844980+00:00,Q,33.44481605351176,3,"['@', 'F', 'T', 'I']",56,C,ZM
2022-02-28 10:11:11.290844980+00:00,Q,33.44481605351176,1,"['@', 'F', 'T', 'I']",57,C,ZM
2022-02-28 10:11:11.290880821+00:00,Q,28.428093645484807,10,"['@', 'F', 'T', 'I']",58,C,ZM
2022-02-28 10:11:11.290881534+00:00,Q,28.428093645484807,10,"['@', 'F', 'T', 'I']",59,C,ZM
2022-02-28 10:11:11.290882287+00:00,Q,28.428093645484807,10,"['@', 'F', 'T', 'I']",60,C,ZM
2022-02-28 10:11:11.290883047+00:00,Q,28.428093645484807,10,"['@', 'F', 'T', 'I']",61,C,ZM
2022-02-28 10:11:11.290883687+00:00,Q,28.428093645484807,10,"['@', 'F', 'T', 'I']",62,C,ZM
2022-02-28 10:11:11.290935971+00:00,Q,28.428093645484807,10,"['@', 'F', 'T', 'I']",63,C,ZM
2022-02-28 10:11:11.291108352+00:00,P,26.755852842809315,10,"['@', 'F', 'T', 'I']",25,C,ZM
2022-02-28 10:11:11.291110400+00:00,P,26.755852842809315,2,"['@', 'F', 'T', 'I']",26,C,ZM
2022-02-28 10:11:11.291343313+00:00,Q,28.428093645484807,5,"['@', 'F', 'T', 'I']",64,C,ZM
2022-02-28 10:11:11.292303043+00:00,Q,26.755852842809315,11,"['@', 'T', 'I']",65,C,ZM
2022-02-28 10:13:57.087146+00:00,K,27.759197324414707,2,"['@', 'F', 'T', 'I']",13,C,ZM
2022-02-28 10:16:09.373470208+00:00,P,27.759197324414707,10,"['@', 'T', 'I']",27,C,ZM
2022-02-28 10:20:51.292017664+00:00,P,26.755852842809315,1,"['@', 'T', 'I']",28,C,ZM
2022-02-28 10:23:34.098117120+00:00,P,26.755852842809315,1,"['@', 'F', 'T', 'I']",29,C,ZM
2022-02-28 10:23:34.098117120+00:00,P,26.755852842809315,9,"['@', 'F', 'T', 'I']",30,C,ZM
2022-02-28 10:23:34.098183424+00:00,P,26.755852842809315,1,"['@', 'F', 'T', 'I']",31,C,ZM
2022-02-28 10:27:44.566846464+00:00,P,30.43478260869559,10,"['@', 'T', 'I']",32,C,ZM
2022-02-28 10:31:07.860569923+00:00,Q,26.421404682274503,10,"['@', 'T', 'I']",66,C,ZM
2022-02-28 10:31:07.860569923+00:00,Q,22.74247491638823,5,"['@', 'T', 'I']",67,C,ZM
2022-02-28 10:31:07.860569923+00:00,Q,19.397993311036764,10,"['@', 'T', 'I']",68,C,ZM
2022-02-28 10:31:08.010900236+00:00,Q,19.397993311036764,10,"['@', 'F', 'T', 'I']",69,C,ZM
2022-02-28 10:31:15.870501849+00:00,Q,18.729096989966664,10,"['@', 'T', 'I']",70,C,ZM
2022-02-28 10:31:32.048901374+00:00,Q,17.05685618729117,10,"['@', 'F', 'T', 'I']",71,C,ZM
2022-02-28 10:32:36.038669312+00:00,P,17.72575250836127,10,"['@', 'T', 'I']",33,C,ZM
2022-02-28 10:32:36.038669312+00:00,P,17.05685618729117,30,"['@', 'T', 'I']",34,C,ZM
2022-02-28 10:34:41.094874880+00:00,P,18.394648829431375,20,"['@', 'T', 'I']",35,C,ZM
2022-02-28 10:46:42.446796288+00:00,P,30.100334448160776,2,"['@', 'F', 'T', 'I']",36,C,ZM
2022-02-28 10:49:28.218769152+00:00,P,30.100334448160776,10,"['@', 'F', 'T', 'I']",37,C,ZM
2022-02-28 10:52:05.281299456+00:00,P,30.100334448160776,10,"['@', 'T', 'I']",38,C,ZM
2022-02-28 10:57:12.477641728+00:00,P,43.4782608695652,1,"['@', 'F', 'T', 'I']",39,C,ZM
2022-02-28 11:02:22.436022779+00:00,Q,41.8060200668897,23,"['@', 'T', 'I']",72,C,ZM
2022-02-28 11:06:49.806132992+00:00,P,41.8060200668897,3,"['@', 'F', 'T', 'I']",40,C,ZM
2022-02-28 11:15:54.262692929+00:00,Q,41.8060200668897,1,"['@', 'T', 'I']",73,C,ZM
2022-02-28 11:16:37.731704064+00:00,P,33.77926421404705,6,"['@', 'T', 'I']",41,C,ZM
2022-02-28 11:16:40.474800128+00:00,P,33.44481605351176,6,"['@', 'T', 'I']",42,C,ZM
2022-02-28 11:17:16.217801728+00:00,P,33.44481605351176,9,"['@', 'T', 'I']",43,C,ZM
2022-02-28 11:18:28.540041216+00:00,P,33.44481605351176,10,"['@', 'T', 'I']",44,C,ZM
2022-02-28 11:32:26.184502284+00:00,Q,40.13377926421421,10,"['@', 'F', 'T', 'I']",74,C,ZM
2022-02-28 11:32:26.327329443+00:00,Q,41.8060200668897,10,"['@', 'F', 'T', 'I']",75,C,ZM
2022-02-28 11:32:26.327329853+00:00,Q,41.8060200668897,5,"['@', 'F', 'T', 'I']",76,C,ZM
2022-02-28 11:32:26.327371950+00:00,Q,41.47157190635441,10,"['@', 'F', 'T', 'I']",77,C,ZM
2022-02-28 11:36:41.822122793+00:00,Q,41.8060200668897,1,"['@', 'F', 'T', 'I']",78,C,ZM
2022-02-28 11:38:36.788118528+00:00,P,46.82274247491666,6,"['@', 'T', 'I']",45,C,ZM
2022-02-28 11:42:22.414216704+00:00,P,34.113712374581866,5,"['@', 'T', 'I']",46,C,ZM
2022-02-28 11:42:54.258341376+00:00,P,33.77926421404705,5,"['@', 'T', 'I']",47,C,ZM
2022-02-28 11:42:54.914709248+00:00,P,33.44481605351176,5,"['@', 'T', 'I']",48,C,ZM
2022-02-28 11:43:00.163646976+00:00,P,33.44481605351176,5,"['@', 'T', 'I']",49,C,ZM
2022-02-28 11:43:07.427133952+00:00,P,33.44481605351176,5,"['@', 'T', 'I']",50,C,ZM
2022-02-28 11:46:44.106160128+00:00,P,37.45819397993333,6,"['@', 'T', 'I']",51,C,ZM
2022-02-28 11:48:39.310749440+00:00,P,46.153846153846075,1,"['@', 'T', 'I']",52,C,ZM
2022-02-28 11:51:41.104398336+00:00,P,33.44481605351176,7,"['@', 'T', 'I']",53,C,ZM
2022-02-28 11:52:02.290741+00:00,K,41.8060200668897,1,"['@', 'F', 'T', 'I']",14,C,ZM
2022-02-28 11:52:49.228728832+00:00,P,33.44481605351176,6,"['@', 'T', 'I']",54,C,ZM
2022-02-28 11:52:53.069982720+00:00,P,33.44481605351176,6,"['@', 'T', 'I']",55,C,ZM
2022-02-28 11:52:53.086013170+00:00,Q,37.45819397993333,10,"['@', 'F', 'T', 'I']",79,C,ZM
2022-02-28 11:52:53.184060672+00:00,P,33.44481605351176,6,"['@', 'T', 'I']",56,C,ZM
2022-02-28 11:57:05.023906816+00:00,P,46.82274247491666,6,"['@', 'T', 'I']",57,C,ZM
2022-02-28 11:57:05.027795200+00:00,P,48.82943143812696,6,"['@', 'T', 'I']",58,C,ZM
2022-02-28 11:57:07.664087552+00:00,P,49.498327759197544,5,"['@', 'T', 'I']",59,C,ZM
2022-02-28 11:57:07.664087552+00:00,P,50.50167224080293,1,"['@', 'T', 'I']",60,C,ZM
2022-02-28 11:57:49.170040320+00:00,P,50.167224080267644,6,"['@', 'T', 'I']",61,C,ZM
2022-02-28 11:58:38.114254891+00:00,Q,41.8060200668897,10,"['@', 'T', 'I']",80,C,ZM
2022-02-28 11:58:47.628375+00:00,K,46.48829431438137,1,"['@', 'F', 'T', 'I']",15,C,ZM
2022-02-28 12:00:00.000070+00:00,K,50.167224080267644,10,"['@', 'T', 'I']",16,C,ZM
2022-02-28 12:00:00.000070+00:00,K,50.50167224080293,8,"['@', 'T', 'I']",17,C,ZM
2022-02-28 12:00:00.000070+00:00,K,50.50167224080293,1,"['@', 'T', 'I']",18,C,ZM
2022-02-28 12:00:00.000070+00:00,K,50.50167224080293,1,"['@', 'T', 'I']",19,C,ZM
2022-02-28 12:00:00.000070+00:00,K,50.50167224080293,9,"['@', 'T', 'I']",20,C,ZM
2022-02-28 12:00:00.000070+00:00,K,50.50167224080293,25,"['@', 'T', 'I']",21,C,ZM
2022-02-28 12:00:01.857000+00:00,D,64.88294314381274,5,"['@', 'T', 'I']",22,C,ZM
2022-02-28 12:00:04.473000+00:00,D,50.000000000000234,20,"['@', 'T', 'I']",2,C,ZM
2022-02-28 12:00:04.753000+00:00,D,50.000000000000234,20,"['@', 'T', 'I']",4,C,ZM
2022-02-28 12:00:04.957000+00:00,D,66.55518394648824,30,"['@', 'T', 'I']",24,C,ZM
2022-02-28 12:00:04.958000+00:00,D,66.55518394648824,5,"['@', 'T', 'I']",3,C,ZM
2022-02-28 12:00:04.958000+00:00,D,66.55518394648824,3,"['@', 'T', 'I']",6,C,ZM
2022-02-28 12:00:04.958000+00:00,D,66.55518394648824,7,"['@', 'T', 'I']",7,C,ZM
2022-02-28 12:00:04.958000+00:00,D,66.55518394648824,20,"['@', 'T', 'I']",13,C,ZM
2022-02-28 12:00:04.958000+00:00,D,66.55518394648824,8,"['@', 'T', 'I']",18,C,ZM
2022-02-28 12:00:04.958000+00:00,D,66.55518394648824,4,"['@', 'T', 'I']",19,C,ZM
2022-02-28 12:00:07.981000+00:00,D,50.167224080267644,36,"['@', 'T', 'I']",9,C,ZM
2022-02-28 12:00:07.981000+00:00,D,50.167224080267644,64,"['@', 'T', 'I']",17,C,ZM
2022-02-28 12:00:08.013000+00:00,D,33.44481605351176,60,"['@', 'T', 'I']",5,C,ZM
2022-02-28 12:00:08.013000+00:00,D,41.8060200668897,15,"['@', 'T', 'I']",23,C,ZM
2022-02-28 12:00:17.307000+00:00,D,66.55518394648824,14,"['@', 'T', 'I']",21,C,ZM
2022-02-28 12:00:17.339000+00:00,D,66.55518394648824,10,"['@', 'T', 'I']",27,C,ZM
2022-02-28 12:00:19.735224036+00:00,Q,41.8060200668897,5,"['@', 'T', 'I']",81,C,ZM
2022-02-28 12:00:33.267009907+00:00,Q,41.8060200668897,10,"['@', 'T', 'I']",82,C,ZM
2022-02-28 12:00:54.904205895+00:00,Q,41.8060200668897,10,"['@', 'T', 'I']",83,C,ZM
2022-02-28 12:01:05.138000+00:00,D,33.44481605351176,20,"['@', 'T', 'I']",4,C,ZM
2022-02-28 12:01:07.794000+00:00,D,66.55518394648824,50,"['@', 'T', 'I']",10,C,ZM
2022-02-28 12:01:22.122232148+00:00,Q,41.8060200668897,60,"['@', 'T', 'I']",84,C,ZM
2022-02-28 12:01:22.124105962+00:00,Q,46.48829431438137,10,"['@', 'T', 'I']",85,C,ZM
2022-02-28 12:01:22.126766469+00:00,Q,49.832775919732356,13,"['@', 'T', 'I']",86,C,ZM
2022-02-28 12:01:22.127770970+00:00,Q,54.51505016722402,10,"['@', 'T', 'I']",87,C,ZM
2022-02-28 12:01:22.128644+00:00,K,55.8528428093647,10,"['@', 'T', 'I']",22,C,ZM
2022-02-28 12:01:22.129840640+00:00,P,56.8561872909701,5,"['@', 'T', 'I']",62,C,ZM
2022-02-28 12:01:22.131338018+00:00,Q,62.54180602006715,10,"['@', 'T', 'I']",88,C,ZM
2022-02-28 12:01:22.131338018+00:00,Q,62.87625418060196,5,"['@', 'T', 'I']",89,C,ZM
2022-02-28 12:01:22.131338018+00:00,Q,63.545150501672545,10,"['@', 'T', 'I']",90,C,ZM
2022-02-28 12:01:22.131892+00:00,K,60.86956521739118,10,"['@', 'T', 'I']",23,C,ZM
2022-02-28 12:01:22.132341504+00:00,P,60.200668896321076,7,"['@', 'T', 'I']",63,C,ZM
2022-02-28 12:02:11.642181632+00:00,P,60.200668896321076,80,"['@', 'T', 'I']",64,C,ZM
2022-02-28 12:02:29.756475+00:00,K,58.52842809364559,100,"['@', 'F', 'T']",24,C,ZM
2022-02-28 12:02:43.238018560+00:00,P,52.50836120401324,5,"['@', 'T', 'I']",65,C,ZM
2022-02-28 12:02:47.526643712+00:00,P,52.50836120401324,5,"['@', 'T', 'I']",66,C,ZM
2022-02-28 12:02:48.528281088+00:00,P,52.50836120401324,5,"['@', 'T', 'I']",67,C,ZM
2022-02-28 12:02:51.531409152+00:00,P,52.50836120401324,5,"['@', 'T', 'I']",68,C,ZM
2022-02-28 12:02:51.531462400+00:00,P,52.50836120401324,50,"['@', 'F', 'T', 'I']",69,C,ZM
2022-02-28 12:02:57.920760998+00:00,U,63.545150501672545,5,"['@', 'F', 'T', 'I']",1,C,ZM
2022-02-28 12:03:19.284108013+00:00,D,34.51505016722402,5,"['@', 'T', 'I']",1,C,ZM
2022-02-28 12:03:36.132078+00:00,K,52.50836120401324,1,"['@', 'F', 'T', 'I']",25,C,ZM
2022-02-28 12:04:08.183812608+00:00,P,52.50836120401324,5,"['@', 'T', 'I']",70,C,ZM
2022-02-28 12:04:37.015000+00:00,D,33.44481605351176,100,"['@', 'T']",2,C,ZM
2022-02-28 12:06:28.742000+00:00,D,34.113712374581866,1,"['@', 'T', 'I']",11,C,ZM
2022-02-28 12:06:32.511522+00:00,K,51.83946488294314,1,"['@', 'F', 'T', 'I']",26,C,ZM
2022-02-28 12:06:46.701855+00:00,K,50.167224080267644,10,"['@', 'F', 'T', 'I']",27,C,ZM
2022-02-28 12:07:14.416202401+00:00,D,50.167224080267644,100,"['@', 'T']",1,C,ZM
2022-02-28 12:07:31.510746+00:00,K,42.140468227424996,10,"['@', 'T', 'I']",28,C,ZM
2022-02-28 12:07:31.510746+00:00,K,41.8060200668897,10,"['@', 'T', 'I']",29,C,ZM
2022-02-28 12:07:31.510746+00:00,K,38.79598662207353,5,"['@', 'T', 'I']",30,C,ZM
2022-02-28 12:08:10.440236+00:00,K,39.130434782608816,6,"['@', 'T', 'I']",31,C,ZM
2022-02-28 12:08:10.483008+00:00,K,38.79598662207353,5,"['@', 'T', 'I']",32,C,ZM
2022-02-28 12:08:10.483008+00:00,K,38.79598662207353,1,"['@', 'T', 'I']",33,C,ZM
2022-02-28 12:08:58.321207040+00:00,P,41.1371237458196,10,"['@', 'T', 'I']",71,C,ZM
2022-02-28 12:08:58.321207040+00:00,P,40.13377926421421,2,"['@', 'T', 'I']",72,C,ZM
2022-02-28 12:08:58.342586624+00:00,P,40.13377926421421,6,"['@', 'T', 'I']",73,C,ZM
2022-02-28 12:09:14.322348+00:00,K,63.545150501672545,5,"['@', 'F', 'T', 'I']",34,C,ZM
2022-02-28 12:09:46.210564096+00:00,P,40.13377926421421,4,"['@', 'T', 'I']",74,C,ZM
2022-02-28 12:09:46.210564096+00:00,P,38.12709030100343,2,"['@', 'T', 'I']",75,C,ZM
2022-02-28 12:09:52.600676352+00:00,P,38.12709030100343,6,"['@', 'T', 'I']",76,C,ZM
2022-02-28 12:09:52.621799936+00:00,P,38.12709030100343,6,"['@', 'T', 'I']",77,C,ZM
2022-02-28 12:10:19.076240384+00:00,P,38.461538461538716,6,"['@', 'T', 'I']",78,C,ZM
2022-02-28 12:10:19.128847360+00:00,P,38.461538461538716,6,"['@', 'T', 'I']",79,C,ZM
2022-02-28 12:10:19.380840448+00:00,P,38.461538461538716,6,"['@', 'T', 'I']",80,C,ZM
2022-02-28 12:10:21.631886592+00:00,P,38.461538461538716,6,"['@', 'T', 'I']",81,C,ZM
2022-02-28 12:10:21.837766144+00:00,P,38.461538461538716,6,"['@', 'T', 'I']",82,C,ZM
2022-02-28 12:10:27.905381376+00:00,P,38.461538461538716,6,"['@', 'T', 'I']",83,C,ZM
2022-02-28 12:12:19.365614080+00:00,P,39.130434782608816,6,"['@', 'T', 'I']",84,C,ZM
2022-02-28 12:12:20.217098496+00:00,P,39.130434782608816,6,"['@', 'T', 'I']",85,C,ZM
2022-02-28 12:12:37.137194240+00:00,P,37.45819397993333,5,"['@', 'T', 'I']",86,C,ZM
2022-02-28 12:12:37.137194240+00:00,P,37.12374581939804,1,"['@', 'T', 'I']",87,C,ZM
2022-02-28 12:12:41.759085056+00:00,P,37.12374581939804,6,"['@', 'T', 'I']",88,C,ZM
2022-02-28 12:12:41.863179264+00:00,P,37.12374581939804,3,"['@', 'T', 'I']",89,C,ZM
2022-02-28 12:12:41.863179264+00:00,P,37.12374581939804,3,"['@', 'T', 'I']",90,C,ZM
2022-02-28 12:12:41.863197696+00:00,P,37.12374581939804,7,"['@', 'T', 'I']",91,C,ZM
2022-02-28 12:12:41.863197696+00:00,P,36.78929765886275,5,"['@', 'T', 'I']",92,C,ZM
2022-02-28 12:12:48.558838784+00:00,P,36.78929765886275,6,"['@', 'T', 'I']",93,C,ZM
2022-02-28 12:14:39.541140+00:00,K,65.88628762541813,6,"['@', 'T', 'I']",35,C,ZM
2022-02-28 12:14:39.541877248+00:00,P,61.87290969899657,26,"['@', 'T', 'I']",94,C,ZM
2022-02-28 12:14:39.541877248+00:00,P,62.87625418060196,100,"['@', 'T']",95,C,ZM
2022-02-28 12:14:39.541877248+00:00,P,66.55518394648824,274,"['@', 'T']",96,C,ZM
2022-02-28 12:14:39.544045356+00:00,Q,64.88294314381274,5,"['@', 'T', 'I']",91,C,ZM
2022-02-28 12:14:39.545246720+00:00,P,66.55518394648824,89,"['@', 'T', 'I']",97,C,ZM
2022-02-28 12:14:43.446022144+00:00,P,66.55518394648824,37,"['@', 'T', 'I']",98,C,ZM
2022-02-28 12:14:43.446022144+00:00,P,66.88963210702352,163,"['@', 'T']",99,C,ZM
2022-02-28 12:14:55.559042560+00:00,P,52.17391304347843,6,"['@', 'T', 'I']",100,C,ZM
2022-02-28 12:15:00.044986368+00:00,P,53.51170568561863,6,"['@', 'T', 'I']",101,C,ZM
2022-02-28 12:15:04.549487104+00:00,P,53.51170568561863,6,"['@', 'T', 'I']",102,C,ZM
2022-02-28 12:15:07.755399168+00:00,P,53.846153846153925,6,"['@', 'T', 'I']",103,C,ZM
2022-02-28 12:15:07.756799744+00:00,P,53.846153846153925,6,"['@', 'T', 'I']",104,C,ZM
2022-02-28 12:15:07.763794944+00:00,P,53.846153846153925,6,"['@', 'T', 'I']",105,C,ZM
2022-02-28 12:15:07.837328128+00:00,P,53.846153846153925,5,"['@', 'T', 'I']",106,C,ZM
2022-02-28 12:15:07.840172800+00:00,P,53.846153846153925,6,"['@', 'T', 'I']",107,C,ZM
2022-02-28 12:15:15.994917376+00:00,P,54.180602006689206,6,"['@', 'T', 'I']",108,C,ZM
2022-02-28 12:15:22.626419456+00:00,P,54.180602006689206,6,"['@', 'T', 'I']",109,C,ZM
2022-02-28 12:15:22.640201472+00:00,P,54.180602006689206,6,"['@', 'T', 'I']",110,C,ZM
2022-02-28 12:15:22.640246528+00:00,P,54.180602006689206,50,"['@', 'F', 'T', 'I']",111,C,ZM
2022-02-28 12:15:28.803794944+00:00,P,52.17391304347843,6,"['@', 'T', 'I']",112,C,ZM
2022-02-28 12:15:28.827785984+00:00,P,52.17391304347843,12,"['@', 'T', 'I']",113,C,ZM
2022-02-28 12:15:28.834100992+00:00,P,52.17391304347843,2,"['@', 'T', 'I']",114,C,ZM
2022-02-28 12:15:28.834100992+00:00,P,51.83946488294314,3,"['@', 'T', 'I']",115,C,ZM
2022-02-28 12:15:28.968997120+00:00,P,52.17391304347843,6,"['@', 'T', 'I']",116,C,ZM
2022-02-28 12:15:30.058097408+00:00,P,52.17391304347843,5,"['@', 'T', 'I']",117,C,ZM
2022-02-28 12:15:31.011470592+00:00,P,52.17391304347843,6,"['@', 'T', 'I']",118,C,ZM
2022-02-28 12:15:31.093249536+00:00,P,52.17391304347843,3,"['@', 'T', 'I']",119,C,ZM
2022-02-28 12:15:31.093249536+00:00,P,51.83946488294314,3,"['@', 'T', 'I']",120,C,ZM
2022-02-28 12:15:31.383129344+00:00,P,52.17391304347843,6,"['@', 'T', 'I']",121,C,ZM
2022-02-28 12:15:31.606100736+00:00,P,52.17391304347843,6,"['@', 'T', 'I']",122,C,ZM
2022-02-28 12:16:03.008724337+00:00,D,50.167224080267644,2,"['@', 'T', 'I']",20,C,ZM
2022-02-28 12:16:04.056429568+00:00,P,65.55183946488285,1,"['@', 'T', 'I']",123,C,ZM
2022-02-28 12:16:47.726517+00:00,K,60.53511705685637,50,"['@', 'F', 'T', 'I']",36,C,ZM
2022-02-28 12:16:49.694655791+00:00,Q,62.54180602006715,10,"['@', 'T', 'I']",92,C,ZM
2022-02-28 12:16:49.694655791+00:00,Q,65.55183946488285,10,"['@', 'T', 'I']",93,C,ZM
2022-02-28 12:16:56.138872320+00:00,P,52.50836120401324,6,"['@', 'T', 'I']",124,C,ZM
2022-02-28 12:16:56.156148992+00:00,P,52.50836120401324,12,"['@', 'T', 'I']",125,C,ZM
2022-02-28 12:17:17.021601662+00:00,D,56.8561872909701,50,"['@', 'T', 'I']",41,C,ZM
2022-02-28 12:17:37.084353+00:00,Z,65.55183946488285,1,"['@', 'F', 'T', 'I']",1,C,ZM
2022-02-28 12:19:08.398000+00:00,D,50.167224080267644,5000,"['@', 'T']",3,C,ZM
2022-02-28 12:22:04.072746496+00:00,P,64.88294314381274,10,"['@', 'T', 'I']",126,C,ZM
2022-02-28 12:22:17.001150720+00:00,P,59.531772575250976,6,"['@', 'T', 'I']",127,C,ZM
2022-02-28 12:22:20.420486912+00:00,P,59.531772575250976,6,"['@', 'T', 'I']",128,C,ZM
2022-02-28 12:22:20.508966400+00:00,P,59.531772575250976,6,"['@', 'T', 'I']",129,C,ZM
2022-02-28 12:22:20.859580928+00:00,P,59.531772575250976,2,"['@', 'T', 'I']",130,C,ZM
2022-02-28 12:22:20.859580928+00:00,P,58.862876254180875,3,"['@', 'T', 'I']",131,C,ZM
2022-02-28 12:22:21.722000+00:00,D,66.88963210702352,100,"['@', 'T']",5,C,ZM
2022-02-28 12:22:22.869871+00:00,K,66.22073578595342,6,"['@', 'T', 'I']",37,C,ZM
2022-02-28 12:22:22.869871+00:00,K,66.55518394648824,20,"['@', 'T', 'I']",38,C,ZM
2022-02-28 12:22:22.869871+00:00,K,66.88963210702352,2,"['@', 'T', 'I']",39,C,ZM
2022-02-28 12:22:22.869871+00:00,K,66.88963210702352,300,"['@', 'T']",40,C,ZM
2022-02-28 12:22:22.869871+00:00,K,66.88963210702352,10,"['@', 'T', 'I']",41,C,ZM
2022-02-28 12:22:22.869871+00:00,K,66.88963210702352,43,"['@', 'T', 'I']",42,C,ZM
2022-02-28 12:22:22.870072+00:00,K,66.88963210702352,10,"['@', 'F', 'T', 'I']",43,C,ZM
2022-02-28 12:22:22.870090496+00:00,P,64.88294314381274,14,"['@', 'T', 'I']",132,C,ZM
2022-02-28 12:22:22.870090496+00:00,P,66.88963210702352,23,"['@', 'T', 'I']",133,C,ZM
2022-02-28 12:22:22.870099+00:00,K,66.88963210702352,10,"['@', 'F', 'T', 'I']",44,C,ZM
2022-02-28 12:22:22.870154496+00:00,P,66.88963210702352,10,"['@', 'F', 'T', 'I']",134,C,ZM
2022-02-28 12:22:22.870156032+00:00,P,66.88963210702352,4,"['@', 'F', 'T', 'I']",135,C,ZM
2022-02-28 12:22:22.870394241+00:00,Q,73.24414715719068,10,"['@', 'F', 'T', 'I']",94,C,ZM
2022-02-28 12:22:22.871468122+00:00,Q,73.24414715719068,1,"['@', 'T', 'I']",95,C,ZM
2022-02-28 12:22:22.871512064+00:00,P,73.24414715719068,10,"['@', 'T', 'I']",136,C,ZM
2022-02-28 12:22:28.079941632+00:00,P,65.21739130434804,6,"['@', 'T', 'I']",137,C,ZM
2022-02-28 12:22:29.716128512+00:00,P,64.88294314381274,6,"['@', 'T', 'I']",138,C,ZM
2022-02-28 12:22:29.791906304+00:00,P,66.22073578595342,6,"['@', 'T', 'I']",139,C,ZM
2022-02-28 12:22:44.188847360+00:00,P,59.531772575250976,5,"['@', 'T', 'I']",140,C,ZM
2022-02-28 12:22:44.190564608+00:00,P,59.531772575250976,12,"['@', 'T', 'I']",141,C,ZM
2022-02-28 12:22:49.651586816+00:00,P,60.200668896321076,6,"['@', 'T', 'I']",142,C,ZM
2022-02-28 12:22:49.696131840+00:00,P,60.200668896321076,6,"['@', 'T', 'I']",143,C,ZM
2022-02-28 12:23:00.069469+00:00,K,60.200668896321076,10,"['@', 'F', 'T', 'I']",45,C,ZM
2022-02-28 12:23:24.319620533+00:00,Q,59.19732441471569,6,"['@', 'T', 'I']",96,C,ZM
2022-02-28 12:23:24.356407155+00:00,Q,59.19732441471569,6,"['@', 'T', 'I']",97,C,ZM
2022-02-28 12:23:30.939043071+00:00,Q,83.6120401337794,10,"['@', 'T', 'I']",98,C,ZM
2022-02-28 12:23:39.611118926+00:00,U,77.59197324414706,1,"['@', 'T', 'I']",2,C,ZM
2022-02-28 12:23:41.289074708+00:00,Q,64.54849498327792,6,"['@', 'T', 'I']",99,C,ZM
2022-02-28 12:24:22.659108402+00:00,D,64.21404682274265,1,"['@', 'T', 'I']",37,C,ZM
2022-02-28 12:24:42.032324864+00:00,P,63.545150501672545,1,"['@', 'F', 'T', 'I']",144,C,ZM
2022-02-28 12:24:52.353292288+00:00,P,87.29096989966568,6,"['@', 'T', 'I']",145,C,ZM
2022-02-28 12:25:01.561883+00:00,K,87.62541806020097,10,"['@', 'T', 'I']",46,C,ZM
2022-02-28 12:25:01.561883+00:00,K,90.30100334448186,4,"['@', 'T', 'I']",47,C,ZM
2022-02-28 12:25:10.167724709+00:00,U,77.59197324414706,1,"['@', 'T', 'I']",3,C,ZM
2022-02-28 12:26:00.304781486+00:00,Q,80.26755852842842,1,"['@', 'T', 'I']",100,C,ZM
2022-02-28 12:26:34.155403367+00:00,U,77.59197324414706,3,"['@', 'T', 'I']",4,C,ZM
2022-02-28 12:26:34.156049913+00:00,Q,80.26755852842842,3,"['@', 'T', 'I']",101,C,ZM
2022-02-28 12:26:34.156049913+00:00,Q,90.30100334448186,4,"['@', 'T', 'I']",102,C,ZM
2022-02-28 12:26:56.144000+00:00,D,100.0,5,"['@', 'T', 'I']",14,C,ZM
2022-02-28 12:28:43.728198757+00:00,Q,81.60535117056862,5,"['@', 'T', 'I']",103,C,ZM
2022-02-28 12:29:43.226573370+00:00,Q,81.60535117056862,6,"['@', 'T', 'I']",104,C,ZM
2022-02-28 12:29:43.226958546+00:00,Q,81.60535117056862,9,"['@', 'T', 'I']",105,C,ZM
2022-02-28 12:30:04.218405978+00:00,Q,67.22408026755882,6,"['@', 'T', 'I']",106,C,ZM
2022-02-28 12:30:04.247319720+00:00,Q,67.22408026755882,5,"['@', 'T', 'I']",107,C,ZM
2022-02-28 12:30:58.956000+00:00,D,100.0,10,"['@', 'T', 'I']",32,C,ZM
2022-02-28 12:32:09.389448323+00:00,Q,67.22408026755882,6,"['@', 'T', 'I']",108,C,ZM
2022-02-28 12:32:18.077000+00:00,D,100.0,1,"['@', 'T', 'I']",8,C,ZM
2022-02-28 12:32:23.699237888+00:00,P,73.57859531772597,3,"['@', 'T', 'I']",146,C,ZM
2022-02-28 12:32:23.701086768+00:00,Q,67.22408026755882,3,"['@', 'T', 'I']",109,C,ZM
2022-02-28 12:32:24.372549732+00:00,Q,67.22408026755882,6,"['@', 'T', 'I']",110,C,ZM
2022-02-28 12:32:33.403937531+00:00,Q,67.22408026755882,12,"['@', 'T', 'I']",111,C,ZM
2022-02-28 12:32:33.432532846+00:00,Q,67.22408026755882,5,"['@', 'T', 'I']",112,C,ZM
2022-02-28 12:33:29.170754871+00:00,Q,67.22408026755882,7,"['@', 'T', 'I']",113,C,ZM
2022-02-28 12:33:29.172514887+00:00,Q,66.88963210702352,3,"['@', 'F', 'T', 'I']",114,C,ZM
2022-02-28 12:35:37.253764974+00:00,Q,68.89632107023431,17,"['@', 'T', 'I']",115,C,ZM
2022-02-28 12:36:12.486788285+00:00,Q,68.89632107023431,6,"['@', 'T', 'I']",116,C,ZM
2022-02-28 12:36:13.609000+00:00,D,100.0,1,"['@', 'T', 'I']",34,C,ZM
2022-02-28 12:37:27.814541187+00:00,Q,90.30100334448186,88,"['@', 'T', 'I']",117,C,ZM
2022-02-28 12:37:27.814541187+00:00,Q,90.30100334448186,8,"['@', 'T', 'I']",118,C,ZM
2022-02-28 12:37:27.814541187+00:00,Q,92.64214046822745,27,"['@', 'T', 'I']",119,C,ZM
2022-02-28 12:37:44.285000+00:00,D,100.0,1,"['@', 'T', 'I']",29,C,ZM
2022-02-28 12:38:44.865000+00:00,D,66.88963210702352,528,"['@', 'T']",31,C,ZM
2022-02-28 12:39:04.282116+00:00,K,78.59531772575245,2,"['@', 'T', 'I']",48,C,ZM
2022-02-28 12:39:04.282439+00:00,K,78.59531772575245,21,"['@', 'T', 'I']",49,C,ZM
2022-02-28 12:40:30.040000+00:00,D,90.30100334448186,1,"['@', 'T', 'I']",15,C,ZM
2022-02-28 12:40:49.074000+00:00,D,96.98996655518431,1,"['@', 'T', 'I']",16,C,ZM
2022-02-28 12:40:58.378000+00:00,D,90.30100334448186,1,"['@', 'T', 'I']",33,C,ZM
2022-02-28 12:41:26.082294140+00:00,Q,70.23411371237451,5,"['@', 'T', 'I']",120,C,ZM
2022-02-28 12:41:29.870982854+00:00,Q,70.23411371237451,5,"['@', 'T', 'I']",121,C,ZM
2022-02-28 12:41:30.506885444+00:00,Q,70.23411371237451,5,"['@', 'T', 'I']",122,C,ZM
2022-02-28 12:41:30.643754114+00:00,Q,70.23411371237451,5,"['@', 'T', 'I']",123,C,ZM
2022-02-28 12:41:32.558434672+00:00,Q,70.23411371237451,5,"['@', 'T', 'I']",124,C,ZM
2022-02-28 12:41:32.869085096+00:00,Q,70.23411371237451,5,"['@', 'T', 'I']",125,C,ZM
2022-02-28 12:41:33.844958575+00:00,Q,70.23411371237451,5,"['@', 'T', 'I']",126,C,ZM
2022-02-28 12:41:49.885000+00:00,D,66.88963210702352,2,"['@', 'T', 'I']",25,C,ZM
2022-02-28 12:42:46.145920+00:00,P,75.91973244147157,5,"['@', 'T', 'I']",147,C,ZM
2022-02-28 12:42:46.287061248+00:00,P,75.91973244147157,12,"['@', 'T', 'I']",148,C,ZM
2022-02-28 12:42:50.063560530+00:00,Q,91.97324414715735,1,"['@', 'T', 'I']",127,C,ZM
2022-02-28 12:43:27.418000+00:00,D,76.92307692307696,5,"['@', 'T', 'I']",12,C,ZM
2022-02-28 12:43:31.345931264+00:00,P,91.97324414715735,1,"['@', 'T', 'I']",149,C,ZM
2022-02-28 12:43:31.347387648+00:00,P,90.63545150501668,20,"['@', 'T', 'I']",150,C,ZM
2022-02-28 12:43:31.347387648+00:00,P,90.30100334448186,100,"['@', 'T']",151,C,ZM
2022-02-28 12:43:49.144953344+00:00,P,78.59531772575245,5,"['@', 'T', 'I']",152,C,ZM
2022-02-28 12:43:49.928668928+00:00,P,78.59531772575245,6,"['@', 'T', 'I']",153,C,ZM
2022-02-28 12:43:50.031378176+00:00,P,78.59531772575245,6,"['@', 'T', 'I']",154,C,ZM
2022-02-28 12:43:50.056110848+00:00,P,78.59531772575245,6,"['@', 'T', 'I']",155,C,ZM
2022-02-28 12:43:50.057869312+00:00,P,78.59531772575245,5,"['@', 'T', 'I']",156,C,ZM
2022-02-28 12:43:50.068658176+00:00,P,78.59531772575245,6,"['@', 'T', 'I']",157,C,ZM
2022-02-28 12:43:50.284639488+00:00,P,78.59531772575245,6,"['@', 'T', 'I']",158,C,ZM
2022-02-28 12:43:50.324389888+00:00,P,78.59531772575245,6,"['@', 'T', 'I']",159,C,ZM
2022-02-28 12:43:50.394911232+00:00,P,78.59531772575245,5,"['@', 'T', 'I']",160,C,ZM
2022-02-28 12:43:50.952362752+00:00,P,78.59531772575245,6,"['@', 'T', 'I']",161,C,ZM
2022-02-28 12:43:50.955007488+00:00,P,78.59531772575245,5,"['@', 'T', 'I']",162,C,ZM
2022-02-28 12:43:52.101099520+00:00,P,78.59531772575245,5,"['@', 'T', 'I']",163,C,ZM
2022-02-28 12:44:45.011000+00:00,D,76.92307692307696,200,"['@', 'T']",35,C,ZM
2022-02-28 12:44:53.282000+00:00,D,76.92307692307696,200,"['@', 'T']",26,C,ZM
2022-02-28 12:45:03.640000+00:00,D,96.98996655518431,2000,"['@', 'T']",6,C,ZM
2022-02-28 12:45:46.363513088+00:00,P,90.30100334448186,1,"['@', 'T', 'I']",164,C,ZM
2022-02-28 12:48:01.696996193+00:00,Q,92.30769230769263,10,"['@', 'T', 'I']",128,C,ZM
2022-02-28 12:48:49.116228096+00:00,P,85.953177257525,23,"['@', 'T', 'I']",165,C,ZM
2022-02-28 12:50:47.956000+00:00,D,96.98996655518431,1,"['@', 'T', 'I']",36,C,ZM
2022-02-28 12:52:00.958812+00:00,K,86.9565217391304,3,"['@', 'T', 'I']",50,C,ZM
2022-02-28 12:52:00.958996736+00:00,P,82.27424749163873,7,"['@', 'T', 'I']",166,C,ZM
2022-02-28 12:52:00.960316416+00:00,P,81.60535117056862,10,"['@', 'T', 'I']",167,C,ZM
2022-02-28 12:52:10.251814400+00:00,P,78.92976588628774,5,"['@', 'T', 'I']",168,C,ZM
2022-02-28 12:52:13.241269248+00:00,P,78.92976588628774,5,"['@', 'T', 'I']",169,C,ZM
2022-02-28 12:52:17.361870080+00:00,P,78.92976588628774,5,"['@', 'T', 'I']",170,C,ZM
2022-02-28 12:52:22.760829696+00:00,P,78.92976588628774,5,"['@', 'T', 'I']",171,C,ZM
2022-02-28 12:52:31.973807616+00:00,P,78.92976588628774,10,"['@', 'T', 'I']",172,C,ZM
2022-02-28 12:52:31.973807616+00:00,P,78.59531772575245,1,"['@', 'T', 'I']",173,C,ZM
2022-02-28 12:52:56.308639232+00:00,P,78.59531772575245,6,"['@', 'T', 'I']",174,C,ZM
2022-02-28 12:55:12.683000+00:00,D,96.98996655518431,250,"['@', 'T']",28,C,ZM
2022-02-28 12:55:43.055233384+00:00,D,83.61538461538487,15,"['@', 'T', 'I']",40,C,ZM
2022-02-28 12:55:59.268930304+00:00,P,89.29765886287646,10,"['@', 'T', 'I']",175,C,ZM
2022-02-28 12:55:59.268930304+00:00,P,90.30100334448186,10,"['@', 'T', 'I']",176,C,ZM
2022-02-28 12:55:59.269809664+00:00,P,90.30100334448186,11,"['@', 'F', 'T', 'I']",177,C,ZM
2022-02-28 12:55:59.269827840+00:00,P,90.30100334448186,18,"['@', 'F', 'T', 'I']",178,C,ZM
2022-02-28 12:55:59.282412288+00:00,P,90.30100334448186,50,"['@', 'T', 'I']",179,C,ZM
2022-02-28 12:56:10.052293888+00:00,P,90.30100334448186,100,"['@', 'T']",180,C,ZM
2022-02-28 12:56:10.052364288+00:00,P,90.30100334448186,1,"['@', 'F', 'T', 'I']",181,C,ZM
2022-02-28 12:56:28.666705664+00:00,P,80.26755852842842,8,"['@', 'T', 'I']",182,C,ZM
2022-02-28 12:56:45.150438820+00:00,D,83.6120401337794,5,"['@', 'T', 'I']",38,C,ZM
2022-02-28 12:57:05.256124191+00:00,D,80.26755852842842,4,"['@', 'T', 'I']",39,C,ZM
2022-02-28 12:57:36.229889536+00:00,P,80.26755852842842,1,"['@', 'T', 'I']",183,C,ZM
2022-02-28 12:57:41.003998435+00:00,Q,83.6120401337794,35,"['@', 'T', 'I']",129,C,ZM
2022-02-28 12:57:41.056802+00:00,K,89.96655518394657,10,"['@', 'T', 'I']",51,C,ZM
2022-02-28 12:57:41.056802+00:00,K,90.30100334448186,10,"['@', 'T', 'I']",52,C,ZM
2022-02-28 12:57:46.585241+00:00,K,90.63545150501668,30,"['@', 'F', 'T', 'I']",53,C,ZM
2022-02-28 12:58:23.408820+00:00,K,90.63545150501668,6,"['@', 'T', 'I']",54,C,ZM
2022-02-28 12:58:24.490583+00:00,K,90.63545150501668,6,"['@', 'T', 'I']",55,C,ZM
2022-02-28 12:58:24.787452+00:00,K,90.63545150501668,6,"['@', 'T', 'I']",56,C,ZM
2022-02-28 12:58:24.822315+00:00,K,90.63545150501668,6,"['@', 'T', 'I']",57,C,ZM
2022-02-28 12:58:24.828727+00:00,K,90.63545150501668,12,"['@', 'T', 'I']",58,C,ZM
2022-02-28 12:58:24.863746+00:00,K,90.63545150501668,6,"['@', 'T', 'I']",59,C,ZM
2022-02-28 12:58:25.088921+00:00,K,90.63545150501668,6,"['@', 'T', 'I']",60,C,ZM
2022-02-28 12:58:25.089832+00:00,K,90.63545150501668,67,"['@', 'T', 'I']",61,C,ZM
2022-02-28 12:58:30.448482816+00:00,P,81.2709030100338,10,"['@', 'T', 'I']",184,C,ZM
2022-02-28 12:58:41.877130496+00:00,P,80.26755852842842,6,"['@', 'T', 'I']",185,C,ZM
2022-02-28 12:58:42.885234688+00:00,P,80.26755852842842,6,"['@', 'T', 'I']",186,C,ZM
2022-02-28 12:58:42.940047104+00:00,P,80.26755852842842,12,"['@', 'T', 'I']",187,C,ZM
2022-02-28 12:58:42.994166784+00:00,P,80.26755852842842,6,"['@', 'T', 'I']",188,C,ZM
2022-02-28 12:58:43.379773952+00:00,P,80.26755852842842,6,"['@', 'T', 'I']",189,C,ZM
2022-02-28 12:58:43.439917824+00:00,P,80.26755852842842,12,"['@', 'T', 'I']",190,C,ZM
2022-02-28 12:58:48.220269568+00:00,P,80.26755852842842,31,"['@', 'T', 'I']",191,C,ZM
2022-02-28 12:58:48.264294912+00:00,P,80.26755852842842,15,"['@', 'T', 'I']",192,C,ZM
2022-02-28 12:58:48.264294912+00:00,P,78.92976588628774,16,"['@', 'T', 'I']",193,C,ZM
2022-02-28 12:58:56.819000+00:00,D,76.92307692307696,25,"['@', 'T', 'I']",30,C,ZM
2022-02-28 12:59:05.506645248+00:00,P,77.59197324414706,6,"['@', 'T', 'I']",194,C,ZM
2022-02-28 12:59:05.614902528+00:00,P,77.25752508361225,10,"['@', 'T', 'I']",195,C,ZM
2022-02-28 12:59:05.614902528+00:00,P,77.25752508361225,2,"['@', 'T', 'I']",196,C,ZM
2022-02-28 12:59:26.407336192+00:00,P,77.25752508361225,6,"['@', 'T', 'I']",197,C,ZM
2022-02-28 12:59:26.514676480+00:00,P,77.25752508361225,6,"['@', 'T', 'I']",198,C,ZM
2022-02-28 12:59:26.524270592+00:00,P,76.92307692307696,6,"['@', 'T', 'I']",199,C,ZM
2022-02-28 12:59:26.593428992+00:00,P,76.92307692307696,5,"['@', 'T', 'I']",200,C,ZM
2022-02-28 12:59:26.631187200+00:00,P,76.92307692307696,6,"['@', 'T', 'I']",201,C,ZM
2022-02-28 12:59:26.755636736+00:00,P,76.92307692307696,12,"['@', 'T', 'I']",202,C,ZM
2022-02-28 12:59:26.821724928+00:00,P,76.92307692307696,6,"['@', 'T', 'I']",203,C,ZM
2022-02-28 12:59:26.846807552+00:00,P,76.92307692307696,6,"['@', 'T', 'I']",204,C,ZM
2022-02-28 12:59:26.949625600+00:00,P,76.92307692307696,6,"['@', 'T', 'I']",205,C,ZM
2022-02-28 12:59:26.985267456+00:00,P,76.92307692307696,12,"['@', 'T', 'I']",206,C,ZM
2022-02-28 12:59:27.025604096+00:00,P,76.92307692307696,6,"['@', 'T', 'I']",207,C,ZM
2022-02-28 12:59:27.060573952+00:00,P,76.92307692307696,6,"['@', 'T', 'I']",208,C,ZM
2022-02-28 12:59:27.135844864+00:00,P,76.92307692307696,6,"['@', 'T', 'I']",209,C,ZM
2022-02-28 12:59:27.260409856+00:00,P,76.92307692307696,5,"['@', 'T', 'I']",210,C,ZM
2022-02-28 12:59:27.337271552+00:00,P,76.92307692307696,6,"['@', 'T', 'I']",211,C,ZM
2022-02-28 12:59:27.395216128+00:00,P,76.92307692307696,6,"['@', 'T', 'I']",212,C,ZM
2022-02-28 12:59:27.583537152+00:00,P,76.92307692307696,6,"['@', 'T', 'I']",213,C,ZM
2022-02-28 12:59:27.677286656+00:00,P,76.92307692307696,30,"['@', 'F', 'T', 'I']",214,C,ZM
2022-02-28 12:59:32.179289344+00:00,P,76.92307692307696,50,"['@', 'T', 'I']",215,C,ZM
2022-02-28 12:59:32.180146432+00:00,P,76.92307692307696,20,"['@', 'T', 'I']",216,C,ZM
2022-02-28 13:00:00.235011+00:00,K,80.26755852842842,1,"['@', 'F', 'T', 'I']",62,C,ZM
2022-02-28 13:00:08.529000+00:00,D,66.88963210702352,50,"['@', 'T', 'I']",7,C,ZM
2022-02-28 13:00:10.928266+00:00,Z,71.57190635451519,1,"['@', 'T', 'I']",2,C,ZM
2022-02-28 13:00:10.928319074+00:00,Q,72.90969899665586,10,"['@', 'T', 'I']",130,C,ZM
2022-02-28 13:00:10.928319074+00:00,Q,67.55852842809362,8,"['@', 'T', 'I']",131,C,ZM
2022-02-28 13:00:16.319191633+00:00,V,86.62207357859558,10,"['@', 'T', 'I']",1,C,ZM
2022-02-28 13:00:16.319191633+00:00,V,89.96655518394657,10,"['@', 'T', 'I']",2,C,ZM
2022-02-28 13:00:16.319191633+00:00,V,90.96989966555196,10,"['@', 'T', 'I']",3,C,ZM
2022-02-28 13:00:16.320310881+00:00,Q,88.96321070234117,10,"['@', 'T', 'I']",132,C,ZM
2022-02-28 13:00:16.320310881+00:00,Q,91.30434782608725,10,"['@', 'T', 'I']",133,C,ZM
2022-02-28 13:00:16.320979200+00:00,P,90.30100334448186,50,"['@', 'T', 'I']",217,C,ZM
2022-02-28 13:00:34.883885685+00:00,Q,72.90969899665586,10,"['@', 'T', 'I']",134,C,ZM
2022-02-28 13:00:34.883885685+00:00,Q,71.2374581939799,2,"['@', 'T', 'I']",135,C,ZM
2022-02-28 13:00:35.442589405+00:00,Q,71.2374581939799,8,"['@', 'T', 'I']",136,C,ZM
2022-02-28 13:00:35.442589405+00:00,Q,70.23411371237451,4,"['@', 'T', 'I']",137,C,ZM
2022-02-28 13:00:35.658337374+00:00,Q,70.23411371237451,6,"['@', 'T', 'I']",138,C,ZM
2022-02-28 13:00:35.658337374+00:00,Q,69.89966555183969,6,"['@', 'T', 'I']",139,C,ZM
2022-02-28 13:00:35.798926475+00:00,Q,67.55852842809362,6,"['@', 'T', 'I']",140,C,ZM
2022-02-28 13:00:35.870086260+00:00,Q,67.55852842809362,4,"['@', 'T', 'I']",141,C,ZM
2022-02-28 13:00:35.870086260+00:00,Q,67.55852842809362,2,"['@', 'T', 'I']",142,C,ZM
2022-02-28 13:01:04.234022667+00:00,V,66.88963210702352,10,"['@', 'T', 'I']",4,C,ZM
2022-02-28 13:01:04.237500557+00:00,Q,66.88963210702352,200,"['@', 'F', 'T']",143,C,ZM
2022-02-28 13:01:04.240524837+00:00,Q,66.88963210702352,93,"['@', 'F', 'T', 'I']",144,C,ZM
2022-02-28 13:01:04.242462310+00:00,Q,66.88963210702352,97,"['@', 'F', 'T', 'I']",145,C,ZM
2022-02-28 13:01:06.206000+00:00,D,66.88963210702352,50,"['@', 'T', 'I']",42,C,ZM
2022-02-28 13:01:08.947675+00:00,K,64.54849498327792,2,"['@', 'F', 'T', 'I']",63,C,ZM
2022-02-28 13:01:08.947675+00:00,K,63.21070234113725,10,"['@', 'F', 'T', 'I']",64,C,ZM
2022-02-28 13:01:08.947675+00:00,K,61.53846153846175,5,"['@', 'F', 'T', 'I']",65,C,ZM
2022-02-28 13:01:08.947675+00:00,K,61.20401337792647,100,"['@', 'F', 'T']",66,C,ZM
2022-02-28 13:01:08.948041445+00:00,Q,60.53511705685637,1,"['@', 'F', 'T', 'I']",146,C,ZM
2022-02-28 13:01:08.948069455+00:00,Q,60.200668896321076,1,"['@', 'F', 'T', 'I']",147,C,ZM
2022-02-28 13:01:08.948076114+00:00,Q,60.200668896321076,20,"['@', 'F', 'T', 'I']",148,C,ZM
2022-02-28 13:01:08.948077514+00:00,Q,60.200668896321076,100,"['@', 'F', 'T']",149,C,ZM
2022-02-28 13:01:08.948139166+00:00,Q,60.200668896321076,1,"['@', 'F', 'T', 'I']",150,C,ZM
2022-02-28 13:01:08.948171538+00:00,Q,60.200668896321076,100,"['@', 'F', 'T']",151,C,ZM
2022-02-28 13:01:08.948193+00:00,Z,66.88963210702352,1,"['@', 'F', 'T', 'I']",3,C,ZM
2022-02-28 13:01:08.948211616+00:00,Q,60.200668896321076,100,"['@', 'F', 'T']",152,C,ZM
2022-02-28 13:01:08.948250985+00:00,Q,60.200668896321076,60,"['@', 'F', 'T', 'I']",153,C,ZM
2022-02-28 13:01:17.645704182+00:00,V,59.19732441471569,10,"['@', 'T', 'I']",5,C,ZM
2022-02-28 13:01:17.649266944+00:00,P,59.19732441471569,14,"['@', 'F', 'T', 'I']",218,C,ZM
2022-02-28 13:01:17.649266944+00:00,P,58.862876254180875,26,"['@', 'F', 'T', 'I']",219,C,ZM
2022-02-28 14:30:00.875423985+00:00,Q,41.100323624595525,2393,"['@', 'O', 'X']",1,C,WING
2022-02-28 14:30:00.875550+00:00,D,28.317152103559838,1,"['@', 'I']",3,C,WING
2022-02-28 14:30:00.875550+00:00,D,28.317152103559838,1,"['@', 'I']",4,C,WING
2022-02-28 14:30:00.875550+00:00,D,28.317152103559838,1,"['@', 'I']",5,C,WING
2022-02-28 14:30:00.875550+00:00,D,28.317152103559838,1,"['@', 'I']",6,C,WING
2022-02-28 14:30:00.875550+00:00,D,28.317152103559838,1,"['@', 'I']",7,C,WING
2022-02-28 14:30:00.875550+00:00,D,28.317152103559838,1,"['@', 'I']",8,C,WING
2022-02-28 14:30:00.875550+00:00,D,28.317152103559838,1,"['@', 'I']",9,C,WING
2022-02-28 14:30:00.875872256+00:00,P,41.100323624595525,10,"['@', 'F', 'I']",1,C,WING
2022-02-28 14:30:00.875872256+00:00,P,41.100323624595525,10,"['@', 'Q']",2,C,WING
2022-02-28 14:30:00.876198708+00:00,D,41.100323624595525,100,['@'],1,C,WING
2022-02-28 14:30:00.942192207+00:00,Q,41.100323624595525,2393,"['@', 'Q']",2,C,WING
2022-02-28 14:30:01.449000+00:00,D,100.0,1,"['@', 'I']",1,C,WING
2022-02-28 14:30:01.537000+00:00,D,100.0,1,"['@', 'I']",2,C,WING
2022-02-28 14:30:01.835144237+00:00,D,41.100323624595525,1,"['@', 'I']",2,C,WING
2022-02-28 14:30:02.130000+00:00,D,0.0,1,"['@', 'I']",3,C,WING
2022-02-28 14:30:02.723000+00:00,D,41.100323624595525,1,"['@', 'I']",11,C,WING
2022-02-28 14:30:02.723000+00:00,D,41.100323624595525,1,"['@', 'I']",12,C,WING
2022-02-28 14:30:02.723000+00:00,D,41.100323624595525,1,"['@', 'I']",13,C,WING
2022-02-28 14:30:02.723000+00:00,D,41.100323624595525,1,"['@', 'I']",16,C,WING
2022-02-28 14:30:02.723000+00:00,D,41.100323624595525,1,"['@', 'I']",17,C,WING
2022-02-28 14:30:02.723000+00:00,D,41.100323624595525,1,"['@', 'I']",18,C,WING
2022-02-28 14:30:02.723000+00:00,D,41.100323624595525,1,"['@', 'I']",19,C,WING
2022-02-28 14:30:02.723000+00:00,D,41.100323624595525,1,"['@', 'I']",20,C,WING
2022-02-28 14:30:02.723000+00:00,D,41.100323624595525,1,"['@', 'I']",21,C,WING
2022-02-28 14:30:02.723000+00:00,D,41.100323624595525,1,"['@', 'I']",22,C,WING
2022-02-28 14:30:02.723000+00:00,D,41.100323624595525,1,"['@', 'I']",23,C,WING
2022-02-28 14:30:02.723000+00:00,D,41.100323624595525,1,"['@', 'I']",24,C,WING
2022-02-28 14:30:02.723000+00:00,D,41.100323624595525,1,"['@', 'I']",25,C,WING
2022-02-28 14:30:02.723000+00:00,D,41.100323624595525,1,"['@', 'I']",26,C,WING
2022-02-28 14:30:02.775000+00:00,D,41.100323624595525,1,"['@', '4', 'I']",10,C,WING
2022-02-28 14:30:02.795000+00:00,D,41.100323624595525,1,"['@', 'I']",14,C,WING
2022-02-28 14:30:02.795000+00:00,D,41.100323624595525,1,"['@', 'I']",15,C,WING
2022-02-28 14:30:14.090000+00:00,D,0.16181229773471043,1,"['@', 'I']",4,C,WING
2022-02-28 14:30:14.299000+00:00,D,48.86731391585749,1,"['@', 'I']",5,C,WING
2022-02-28 14:30:14.309000+00:00,D,48.86731391585749,1,"['@', 'I']",6,C,WING
2022-02-28 14:30:14.543000+00:00,D,0.16181229773471043,1,"['@', 'I']",7,C,WING
2022-02-28 14:30:21.744000+00:00,D,48.94822006472496,1,"['@', 'I']",8,C,WING
2022-02-28 14:30:30.652000+00:00,D,48.94822006472496,1,"['@', 'I']",9,C,WING
2022-02-28 14:30:32.295000+00:00,D,0.16181229773471043,1,"['@', 'I']",10,C,WING
2022-02-28 14:30:32.659277616+00:00,Q,33.65695792880252,5,"['@', 'F', 'I']",3,C,WING
2022-02-28 14:30:32.662869581+00:00,V,18.932038834951463,400,['@'],1,C,WING
2022-02-28 14:30:33.180879+00:00,D,20.590614886731267,2,"['@', 'I']",1,C,WING
2022-02-28 14:31:26.698157512+00:00,D,31.715210355986915,30,"['@', 'I']",27,C,WING
2022-02-28 14:31:28.610689988+00:00,D,20.307443365695697,2,"['@', 'I']",28,C,WING
2022-02-28 14:32:17.448036+00:00,D,29.49029126213597,100,['@'],33,C,WING
2022-02-28 14:32:17.460289+00:00,D,40.37216828478967,100,['@'],29,C,WING
2022-02-28 14:32:17.461021+00:00,D,40.37216828478967,14,"['@', 'I']",30,C,WING
2022-02-28 14:32:17.524047914+00:00,D,40.048543689320255,10,"['@', 'I']",31,C,WING
2022-02-28 14:32:17.635649958+00:00,D,40.048543689320255,7,"['@', 'I']",32,C,WING
2022-02-28 14:32:20.206174253+00:00,V,29.49029126213597,100,['@'],2,C,WING
2022-02-28 14:32:20.242925902+00:00,V,29.49029126213597,400,['@'],3,C,WING
2022-02-28 14:32:45.008267164+00:00,Q,37.37864077669902,10,"['@', 'I']",4,C,WING
2022-02-28 14:32:45.008427+00:00,Z,37.37864077669902,5,"['@', 'I']",1,C,WING
2022-02-28 14:32:45.008530+00:00,D,36.529126213592086,100,['@'],35,C,WING
2022-02-28 14:32:45.008609+00:00,D,36.529126213592086,100,['@'],36,C,WING
2022-02-28 14:32:45.009000+00:00,D,37.37864077669902,100,['@'],34,C,WING
2022-02-28 14:32:45.011975127+00:00,V,35.67961165048537,200,['@'],4,C,WING
2022-02-28 14:32:45.953171+00:00,D,38.59223300970878,1,"['@', 'I']",37,C,WING
2022-02-28 14:32:51.502761471+00:00,V,35.67961165048537,300,['@'],5,C,WING
2022-02-28 14:32:53.305020338+00:00,D,35.67961165048537,33,"['@', 'I']",11,C,WING
2022-02-28 14:32:54.380821+00:00,D,35.67961165048537,20,"['@', 'I']",38,C,WING
2022-02-28 14:32:54.382692879+00:00,D,36.286407766990365,3,"['@', 'I']",39,C,WING
2022-02-28 14:32:54.383000+00:00,D,35.67961165048537,3,"['@', 'I']",40,C,WING
2022-02-28 14:32:55.007923980+00:00,Q,36.65048543689317,1,"['@', 'F', 'I']",5,C,WING
2022-02-28 14:33:01.724461418+00:00,Q,35.43689320388342,30,"['@', 'F', 'I']",6,C,WING
2022-02-28 14:33:01.724470706+00:00,Q,35.43689320388342,45,"['@', 'F', 'I']",7,C,WING
2022-02-28 14:33:01.724472569+00:00,Q,35.43689320388342,15,"['@', 'F', 'I']",8,C,WING
2022-02-28 14:33:01.724481237+00:00,Q,35.43689320388342,15,"['@', 'F', 'I']",9,C,WING
2022-02-28 14:33:01.724484488+00:00,Q,35.43689320388342,15,"['@', 'F', 'I']",10,C,WING
2022-02-28 14:33:01.724485083+00:00,Q,35.43689320388342,15,"['@', 'F', 'I']",11,C,WING
2022-02-28 14:33:01.724504060+00:00,Q,35.43689320388342,865,"['@', 'F']",12,C,WING
2022-02-28 14:33:01.724508327+00:00,Q,34.546925566343084,99,"['@', 'I']",13,C,WING
2022-02-28 14:33:01.724532704+00:00,Q,34.546925566343084,1,"['@', 'I']",14,C,WING
2022-02-28 14:33:01.724606623+00:00,Q,34.46601941747562,4,"['@', 'F', 'I']",15,C,WING
2022-02-28 14:33:01.724755456+00:00,P,34.46601941747562,6,"['@', 'F', 'I']",3,C,WING
2022-02-28 14:33:01.724777216+00:00,P,34.46601941747562,1,"['@', 'F', 'I']",4,C,WING
2022-02-28 14:33:01.724799744+00:00,P,34.46601941747562,93,"['@', 'F', 'I']",5,C,WING
2022-02-28 14:33:01.725397787+00:00,Q,32.766990291262196,18,"['@', 'F', 'I']",16,C,WING
2022-02-28 14:33:01.725399806+00:00,Q,32.766990291262196,6,"['@', 'F', 'I']",17,C,WING
2022-02-28 14:33:01.725407689+00:00,Q,32.766990291262196,76,"['@', 'F', 'I']",18,C,WING
2022-02-28 14:33:01.725407689+00:00,Q,32.766990291262196,14,"['@', 'F', 'I']",19,C,WING
2022-02-28 14:33:01.725409613+00:00,Q,32.766990291262196,15,"['@', 'F', 'I']",20,C,WING
2022-02-28 14:33:01.725416424+00:00,Q,32.766990291262196,15,"['@', 'F', 'I']",21,C,WING
2022-02-28 14:33:01.725419556+00:00,Q,32.766990291262196,15,"['@', 'F', 'I']",22,C,WING
2022-02-28 14:33:01.725622784+00:00,P,32.68608414239472,15,"['@', 'F', 'I']",6,C,WING
2022-02-28 14:33:01.725646848+00:00,P,32.68608414239472,15,"['@', 'F', 'I']",7,C,WING
2022-02-28 14:33:01.725655040+00:00,P,32.68608414239472,4,"['@', 'F', 'I']",8,C,WING
2022-02-28 14:33:01.725660160+00:00,P,32.68608414239472,15,"['@', 'F', 'I']",9,C,WING
2022-02-28 14:33:01.725664512+00:00,P,32.68608414239472,2,"['@', 'F', 'I']",10,C,WING
2022-02-28 14:33:01.725692928+00:00,P,32.68608414239472,11,"['@', 'F', 'I']",11,C,WING
2022-02-28 14:33:01.725784320+00:00,P,32.68608414239472,14,"['@', 'F', 'I']",12,C,WING
2022-02-28 14:33:01.725794816+00:00,P,32.68608414239472,24,"['@', 'F', 'I']",13,C,WING
2022-02-28 14:33:01.726456929+00:00,V,33.05016181229776,100,['@'],6,C,WING
2022-02-28 14:33:04.550203+00:00,K,36.40776699029122,1,"['@', 'I']",1,C,WING
2022-02-28 14:33:05.571562240+00:00,A,38.834951456310726,200,['@'],1,C,WING
2022-02-28 14:33:06.303459584+00:00,A,38.834951456310726,200,['@'],2,C,WING
2022-02-28 14:33:06.736268+00:00,D,37.48543689320375,100,['@'],12,C,WING
2022-02-28 14:33:07.539647744+00:00,P,30.906148867313828,41,"['@', 'I']",14,C,WING
2022-02-28 14:33:14.335473456+00:00,V,34.021035598705566,100,['@'],7,C,WING
2022-02-28 14:33:14.335473456+00:00,V,34.021035598705566,100,['@'],8,C,WING
2022-02-28 14:33:16.491076075+00:00,Q,36.65048543689317,100,['@'],23,C,WING
2022-02-28 14:33:16.495204959+00:00,V,34.06148867313918,100,['@'],9,C,WING
2022-02-28 14:33:16.706356377+00:00,V,33.41423948220058,100,['@'],10,C,WING
2022-02-28 14:33:17.950958498+00:00,D,35.76051779935261,18,"['@', 'I']",41,C,WING
2022-02-28 14:33:21.715883913+00:00,V,33.211974110032244,600,['@'],11,C,WING
2022-02-28 14:33:21.756908594+00:00,V,33.211974110032244,100,['@'],12,C,WING
2022-02-28 14:33:23.534000+00:00,D,38.754045307443256,20,"['@', 'I']",13,C,WING
2022-02-28 14:33:24.921561+00:00,K,40.048543689320255,16,"['@', 'F', 'I']",2,C,WING
2022-02-28 14:33:26.050556987+00:00,D,40.37216828478967,1,"['@', 'I']",42,C,WING
2022-02-28 14:33:27.878382336+00:00,A,39.32038834951463,600,['@'],3,C,WING
2022-02-28 14:33:28.466469247+00:00,D,32.06067961165055,1,"['@', 'I']",43,C,WING
2022-02-28 14:33:53.838509733+00:00,Q,34.46601941747562,100,['@'],24,C,WING
2022-02-28 14:33:53.838509733+00:00,Q,34.46601941747562,4,"['@', 'I']",25,C,WING
2022-02-28 14:33:53.838509733+00:00,Q,34.38511326860837,100,['@'],26,C,WING
2022-02-28 14:33:53.838729728+00:00,P,34.62783171521033,10,"['@', 'I']",15,C,WING
2022-02-28 14:33:53.838782+00:00,Z,34.06148867313918,19,"['@', 'F', 'I']",2,C,WING
2022-02-28 14:33:53.838806+00:00,Z,34.06148867313918,77,"['@', 'F', 'I']",3,C,WING
2022-02-28 14:33:53.838818+00:00,Z,34.06148867313918,4,"['@', 'F', 'I']",4,C,WING
2022-02-28 14:33:53.838878976+00:00,P,34.06148867313918,30,"['@', 'I']",16,C,WING
2022-02-28 14:33:53.838909184+00:00,P,32.68608414239472,100,"['@', 'F']",17,C,WING
2022-02-28 14:33:53.839011494+00:00,V,34.304207119741136,200,['@'],13,C,WING
2022-02-28 14:33:54.372326676+00:00,V,32.88834951456305,100,['@'],14,C,WING
2022-02-28 14:34:02.359000+00:00,D,31.91747572815525,1,"['@', 'I']",44,C,WING
2022-02-28 14:34:16.452800256+00:00,P,26.941747572815604,72,"['@', 'F', 'I']",18,C,WING
2022-02-28 14:34:16.452807168+00:00,P,26.941747572815604,6,"['@', 'F', 'I']",19,C,WING
2022-02-28 14:34:16.453036544+00:00,P,26.941747572815604,122,['@'],20,C,WING
2022-02-28 14:34:19.177712+00:00,K,32.84789644012943,1,"['@', 'F', 'I']",3,C,WING
2022-02-28 14:34:33.197315040+00:00,D,30.906148867313828,1,"['@', 'I']",45,C,WING
2022-02-28 14:35:09.569742+00:00,D,33.80420711974109,50,"['@', '4', 'I']",47,C,WING
2022-02-28 14:35:09.569797+00:00,D,33.80420711974109,50,"['@', '4', 'I']",46,C,WING
2022-02-28 14:36:05.539057+00:00,D,22.491909385113253,100,['@'],48,C,WING
2022-02-28 14:36:05.628512768+00:00,P,34.78964401294504,9,"['@', 'I']",21,C,WING
2022-02-28 14:36:12.928000+00:00,D,32.20064724919082,1,"['@', 'I']",49,C,WING
2022-02-28 14:37:31.745753850+00:00,D,37.92799352750816,2,"['@', 'I']",50,C,WING
2022-02-28 14:37:54.575079424+00:00,P,23.786407766990248,25,"['@', 'F', 'I']",22,C,WING
2022-02-28 14:37:54.575260+00:00,K,29.207119741100403,1,"['@', 'I']",4,C,WING
2022-02-28 14:37:54.575285+00:00,K,29.207119741100403,3,"['@', 'F', 'I']",5,C,WING
