timestamp,exchange,price,size,conditions,id,tape,Symbol
2022-02-24 10:39:28.011500+00:00,K,1.3927576601670504,188,"[' ', 'F', 'T']",52983525030714,A,GRMN
2022-02-24 10:39:28.011500+00:00,K,1.3927576601670504,54,"[' ', 'F', 'T', 'I']",52983525030715,A,GRMN
2022-02-24 10:39:28.011500+00:00,K,0.27855153203317257,58,"[' ', 'F', 'T', 'I']",52983525030716,A,GRMN
2022-02-24 11:06:25.620900+00:00,K,1.3927576601670504,12,"[' ', 'F', 'T', 'I']",52983525031238,A,GRMN
2022-02-24 11:06:25.620900+00:00,K,0.0,8,"[' ', 'F', 'T', 'I']",52983525031239,A,GRMN
2022-02-24 11:18:46.745400+00:00,T,1.3927576601670504,1,"[' ', 'F', 'T', 'I']",62879146456659,A,GRMN
2022-02-24 11:49:25.490900+00:00,P,1.3927576601670504,8,"[' ', 'F', 'T', 'I']",52983526215493,A,GRMN
2022-02-24 11:51:59.463600+00:00,T,1.3927576601670504,5,"[' ', 'T', 'I']",62879147249459,A,GRMN
2022-02-24 12:00:02.571300+00:00,K,76.60167130919213,20,"[' ', 'T', 'I']",52983525033538,A,GRMN
2022-02-24 12:00:20.640200+00:00,T,8.07799442896913,2,"[' ', 'F', 'T', 'I']",62879147708208,A,GRMN
2022-02-24 13:01:39.366500+00:00,K,32.31197771587731,1,"[' ', 'T', 'I']",52983525040432,A,GRMN
2022-02-24 13:02:40.090700+00:00,D,100.0,1,"['C', 'T', 'I']",7167523967851984,A,GRMN
2022-02-24 13:02:40.453400+00:00,D,100.0,1,"['C', 'T', 'I']",7167523967877084,A,GRMN
2022-02-24 13:02:41.226300+00:00,D,100.0,1,"['C', 'T', 'I']",7167523967906084,A,GRMN
2022-02-24 13:03:34.273200+00:00,P,50.13927576601659,20,"[' ', 'T', 'I']",52983526542661,A,GRMN
2022-02-24 13:03:34.273200+00:00,P,50.13927576601659,5,"[' ', 'T', 'I']",52983526542662,A,GRMN
2022-02-24 13:06:20.348600+00:00,K,22.284122562673993,10,"[' ', 'F', 'T', 'I']",52983525040733,A,GRMN
2022-02-24 13:14:14.201500+00:00,K,29.24791086350964,9,"[' ', 'T', 'I']",52983525041714,A,GRMN
2022-02-24 13:14:14.201500+00:00,K,28.969359331476074,5,"[' ', 'T', 'I']",52983525041715,A,GRMN
2022-02-24 13:14:14.201500+00:00,K,28.969359331476074,4,"[' ', 'T', 'I']",52983525041716,A,GRMN
2022-02-24 13:14:14.201500+00:00,T,29.24791086350964,9,"[' ', 'F', 'T', 'I']",62879163641653,A,GRMN
2022-02-24 13:21:08.974100+00:00,P,26.740947075208716,17,"[' ', 'T', 'I']",52983526671686,A,GRMN
2022-02-24 13:21:08.974100+00:00,T,26.740947075208716,3,"[' ', 'T', 'I']",62879163964980,A,GRMN
2022-02-24 13:21:45.419700+00:00,K,29.526462395543213,9,"[' ', 'T', 'I']",52983525042751,A,GRMN
2022-02-24 13:21:45.419700+00:00,K,29.24791086350964,1,"[' ', 'T', 'I']",52983525042752,A,GRMN
2022-02-24 13:21:45.419700+00:00,T,29.526462395543213,9,"[' ', 'F', 'T', 'I']",62879164019288,A,GRMN
2022-02-24 13:25:44.143900+00:00,K,24.233983286907787,9,"[' ', 'T', 'I']",52983525043041,A,GRMN
2022-02-24 13:25:44.143900+00:00,K,23.955431754874613,13,"[' ', 'T', 'I']",52983525043042,A,GRMN
2022-02-24 13:25:44.143900+00:00,T,24.233983286907787,9,"[' ', 'F', 'T', 'I']",62879164155976,A,GRMN
2022-02-24 13:25:56.984200+00:00,K,23.955431754874613,9,"[' ', 'T', 'I']",52983525043059,A,GRMN
2022-02-24 13:26:44.318600+00:00,K,24.233983286907787,9,"[' ', 'T', 'I']",52983525043265,A,GRMN
2022-02-24 13:26:44.318600+00:00,K,23.955431754874613,2,"[' ', 'T', 'I']",52983525043266,A,GRMN
2022-02-24 13:26:44.318600+00:00,K,23.955431754874613,2,"[' ', 'T', 'I']",52983525043267,A,GRMN
2022-02-24 13:26:44.318600+00:00,T,24.233983286907787,9,"[' ', 'F', 'T', 'I']",62879164215395,A,GRMN
2022-02-24 13:29:55.857200+00:00,K,25.34818941504166,9,"[' ', 'T', 'I']",52983525043560,A,GRMN
2022-02-24 13:29:55.857200+00:00,K,25.069637883008095,3,"[' ', 'T', 'I']",52983525043561,A,GRMN
2022-02-24 13:29:55.857200+00:00,T,25.34818941504166,9,"[' ', 'F', 'T', 'I']",62879164292953,A,GRMN
2022-02-24 13:34:21.499900+00:00,D,22.284122562673993,20,"[' ', 'T', 'I']",7937180567712378,A,GRMN
2022-02-24 13:35:44.392300+00:00,K,22.562674094707564,5,"[' ', 'T', 'I']",52983525044076,A,GRMN
2022-02-24 13:53:14.980200+00:00,D,22.562674094707564,14,"[' ', 'T', 'I']",7167525651821584,A,GRMN
2022-02-24 13:58:00.991800+00:00,D,77.99442896935918,10,"[' ', 'T', 'I']",7167525678420584,A,GRMN
2022-02-24 13:58:11.334300+00:00,K,50.13927576601659,1,"[' ', 'T', 'I']",52983525046585,A,GRMN
2022-02-24 13:58:17.411300+00:00,D,77.99442896935918,2,"[' ', 'T', 'I']",7167525756680784,A,GRMN
2022-02-24 14:12:06.113700+00:00,D,8.07799442896913,2,"[' ', 'T', 'I']",7167525894969884,A,GRMN
2022-02-24 14:16:49.612000+00:00,K,23.676880222841046,1,"[' ', 'F', 'T', 'I']",52983525095015,A,GRMN
2022-02-24 14:17:17.428000+00:00,K,50.13927576601659,1,"[' ', 'F', 'T', 'I']",52983525095217,A,GRMN
2022-02-24 14:20:52.145300+00:00,K,50.13927576601659,1,"[' ', 'T', 'I']",52983525095502,A,GRMN
2022-02-24 14:21:39.694100+00:00,D,50.13927576601659,2,"[' ', 'T', 'I']",7167527421985184,A,GRMN
2022-02-24 14:22:54.435700+00:00,D,18.66295264623958,1,"[' ', 'T', 'I']",7167527434889084,A,GRMN
2022-02-24 14:24:14.931100+00:00,K,50.13927576601659,6,"[' ', 'F', 'T', 'I']",52983525095797,A,GRMN
2022-02-24 14:24:14.931100+00:00,Z,46.51810584958218,6,"[' ', 'F', 'T', 'I']",52983525029992,A,GRMN
2022-02-24 14:24:14.931100+00:00,Z,46.51810584958218,49,"[' ', 'F', 'T', 'I']",52983525029993,A,GRMN
2022-02-24 14:24:14.943500+00:00,Z,46.51810584958218,12,"[' ', 'F', 'T', 'I']",52983525029994,A,GRMN
2022-02-24 14:24:14.943500+00:00,Z,46.51810584958218,33,"[' ', 'F', 'T', 'I']",52983525029995,A,GRMN
2022-02-24 14:25:32.683000+00:00,P,23.676880222841046,16,"[' ', 'T', 'I']",52983527134516,A,GRMN
2022-02-24 14:25:58.644200+00:00,P,30.36211699164352,1,"[' ', 'F', 'T', 'I']",52983527190609,A,GRMN
2022-02-24 14:28:16.170700+00:00,P,30.36211699164352,1,"[' ', 'F', 'T', 'I']",52983527195701,A,GRMN
2022-02-24 14:28:21.570100+00:00,D,20.891364902506943,56,"[' ', 'T', 'I']",7167527480839884,A,GRMN
2022-02-24 14:28:21.570100+00:00,P,30.36211699164352,25,"[' ', 'F', 'T', 'I']",52983527195724,A,GRMN
2022-02-24 14:28:21.570100+00:00,P,30.36211699164352,7,"[' ', 'F', 'T', 'I']",52983527195725,A,GRMN
2022-02-24 14:28:30.138500+00:00,J,15.598885793871913,13,"[' ', 'T', 'I']",52983525027931,A,GRMN
2022-02-24 14:28:30.138500+00:00,K,19.498607242339894,1,"[' ', 'T', 'I']",52983525096567,A,GRMN
2022-02-24 14:28:30.138500+00:00,K,15.877437325905086,37,"[' ', 'T', 'I']",52983525096568,A,GRMN
2022-02-24 14:28:30.138500+00:00,P,15.598885793871913,24,"[' ', 'T', 'I']",52983527195981,A,GRMN
2022-02-24 14:28:30.138500+00:00,P,15.598885793871913,13,"[' ', 'T', 'I']",52983527195982,A,GRMN
2022-02-24 14:28:30.138500+00:00,T,15.598885793871913,37,"[' ', 'T', 'I']",62879180406106,A,GRMN
2022-02-24 14:28:30.138500+00:00,T,9.749303621169748,25,"[' ', 'T', 'I']",62879180406107,A,GRMN
2022-02-24 14:30:00.113000+00:00,U,8.356545961002698,1,"[' ', 'I']",52996934684211,A,GRMN
2022-02-24 14:30:00.889200+00:00,D,8.07799442896913,40,"[' ', 'I']",7167527533291284,A,GRMN
2022-02-24 14:30:00.889200+00:00,N,19.498607242339894,42294,"[' ', 'O']",52983525028171,A,GRMN
2022-02-24 14:30:00.889200+00:00,N,22.284122562673993,28,"[' ', 'I']",52983525028175,A,GRMN
2022-02-24 14:30:00.889200+00:00,N,41.22562674094715,21,"[' ', 'I']",52983525028176,A,GRMN
2022-02-24 14:30:00.889200+00:00,Z,41.22562674094715,100,"[' ', 'F']",52983525030720,A,GRMN
2022-02-24 14:30:00.889200+00:00,Z,41.50417827298032,1,"[' ', 'F', 'I']",52983525030721,A,GRMN
2022-02-24 14:30:00.897100+00:00,N,24.512534818941354,100,[' '],52983525028403,A,GRMN
2022-02-24 14:30:00.969400+00:00,J,14.484679665738037,100,[' '],52983525027937,A,GRMN
2022-02-24 14:30:01.218000+00:00,M,14.206128133704468,1,"[' ', 'I']",52983525028430,A,GRMN
2022-02-24 14:30:01.503800+00:00,T,22.562674094707564,1,"[' ', 'F', 'T', 'I']",62879181593182,A,GRMN
2022-02-24 14:30:01.804800+00:00,D,19.498607242339894,5,"[' ', '4', 'I']",7167528988117084,A,GRMN
2022-02-24 14:30:01.978700+00:00,Z,13.927576601671296,1,"[' ', 'I']",52983525030975,A,GRMN
2022-02-24 14:30:02.243600+00:00,T,22.562674094707564,1,"[' ', 'F', 'T', 'I']",62879182375233,A,GRMN
2022-02-24 14:30:02.249300+00:00,D,19.498607242339894,6,"[' ', '4', 'I']",7167529020295384,A,GRMN
2022-02-24 14:30:02.391200+00:00,D,14.206128133704468,102,[' '],7167529027488684,A,GRMN
2022-02-24 14:30:02.515700+00:00,D,14.208913649024895,14,"[' ', 'I']",7167529034322084,A,GRMN
2022-02-24 14:30:02.714500+00:00,D,8.07799442896913,1,"[' ', 'I']",7937180685470878,A,GRMN
2022-02-24 14:30:02.733200+00:00,D,8.07799442896913,1,"[' ', 'I']",7937180685499278,A,GRMN
2022-02-24 14:30:02.855800+00:00,D,13.649025069637727,8,"[' ', 'I']",7167529105851684,A,GRMN
2022-02-24 14:30:03.017000+00:00,T,22.562674094707564,68,"[' ', 'I']",62879182705223,A,GRMN
2022-02-24 14:30:03.141100+00:00,D,14.278551532033187,50,"[' ', 'I']",7167529125101084,A,GRMN
2022-02-24 14:30:03.233400+00:00,D,25.515320334261727,40,"[' ', 'I']",7937182093832078,A,GRMN
2022-02-24 14:30:03.254900+00:00,D,24.791086350974922,1,"[' ', 'I']",7167529131858284,A,GRMN
2022-02-24 14:30:03.459000+00:00,D,19.498607242339894,1,"[' ', 'I']",7937182094548578,A,GRMN
2022-02-24 14:30:03.530700+00:00,D,19.498607242339894,2,"[' ', '4', 'I']",7937182094725178,A,GRMN
2022-02-24 14:30:03.530700+00:00,D,19.498607242339894,1,"[' ', '4', 'I']",7937182094725378,A,GRMN
2022-02-24 14:30:03.586800+00:00,D,15.320334261838347,3,"[' ', 'I']",7167529151393484,A,GRMN
2022-02-24 14:30:03.628400+00:00,D,14.484679665738037,5,"[' ', 'I']",7167529151930384,A,GRMN
2022-02-24 14:30:03.646900+00:00,D,41.50417827298032,1,"[' ', 'I']",7937182100437078,A,GRMN
2022-02-24 14:30:03.704700+00:00,D,25.515320334261727,35,"[' ', 'I']",7167529157944284,A,GRMN
2022-02-24 14:30:03.789900+00:00,D,19.498607242339894,4,"[' ', '4', 'I']",7937182100999078,A,GRMN
2022-02-24 14:30:04.004900+00:00,D,24.791086350974922,1,"[' ', 'I']",7167529171410184,A,GRMN
2022-02-24 14:30:04.017700+00:00,D,8.07799442896913,1,"[' ', 'I']",7937182106989878,A,GRMN
2022-02-24 14:30:04.029600+00:00,D,8.07799442896913,1,"[' ', 'I']",7937182107015778,A,GRMN
2022-02-24 14:30:04.211100+00:00,D,24.791086350974922,1,"[' ', 'I']",7167529178296384,A,GRMN
2022-02-24 14:30:04.867300+00:00,D,8.07799442896913,1,"[' ', 'I']",7937182120505978,A,GRMN
2022-02-24 14:30:05.454000+00:00,D,19.498607242339894,1,"[' ', 'I']",7167529236668184,A,GRMN
2022-02-24 14:30:05.723700+00:00,D,14.415041782729743,5,"[' ', 'I']",7167529244064484,A,GRMN
2022-02-24 14:30:05.769100+00:00,D,14.206128133704468,8,"[' ', 'I']",7167529249799384,A,GRMN
2022-02-24 14:30:05.848100+00:00,D,19.498607242339894,1,"[' ', 'I']",7167529250488784,A,GRMN
2022-02-24 14:30:05.922300+00:00,D,22.562674094707564,100,[' '],7167529256376084,A,GRMN
2022-02-24 14:30:05.986100+00:00,D,24.791086350974922,1,"[' ', 'I']",7167529256943384,A,GRMN
2022-02-24 14:30:06.014900+00:00,D,24.791086350974922,1,"[' ', 'I']",7167529257173484,A,GRMN
2022-02-24 14:30:06.569000+00:00,D,19.498607242339894,1,"[' ', '4', 'I']",7167530684907484,A,GRMN
2022-02-24 14:30:06.635300+00:00,D,19.498607242339894,1,"[' ', '4', 'I']",7167530685551184,A,GRMN
2022-02-24 14:30:06.974600+00:00,D,19.498607242339894,1,"[' ', 'I']",7167530705365284,A,GRMN
2022-02-24 14:30:07.529500+00:00,D,33.98328690807793,1,"[' ', 'I']",7937182205242278,A,GRMN
2022-02-24 14:30:08.262900+00:00,D,19.498607242339894,1,"[' ', 'I']",7937182212641678,A,GRMN
2022-02-24 14:30:08.501700+00:00,D,19.498607242339894,1,"[' ', 'I']",7167530822996784,A,GRMN
2022-02-24 14:30:08.511000+00:00,D,12.81337047353742,10,"[' ', 'I']",7167530823122484,A,GRMN
2022-02-24 14:30:08.649100+00:00,D,14.206128133704468,40,"[' ', 'I']",7167530829704084,A,GRMN
2022-02-24 14:30:08.662500+00:00,D,14.42896935933148,35,"[' ', 'I']",7167530829729384,A,GRMN
2022-02-24 14:30:08.981700+00:00,D,19.498607242339894,1,"[' ', 'I']",7937182225826078,A,GRMN
2022-02-24 14:30:09.075000+00:00,D,12.81337047353742,40,"[' ', 'I']",7167530848851884,A,GRMN
2022-02-24 14:30:09.113700+00:00,D,33.98328690807793,1,"[' ', 'I']",7937182231842378,A,GRMN
2022-02-24 14:30:09.497800+00:00,D,33.98328690807793,1,"[' ', 'I']",7937182238727878,A,GRMN
2022-02-24 14:30:09.784900+00:00,D,12.81337047353742,1,"[' ', 'I']",7937182245280378,A,GRMN
2022-02-24 14:30:09.852400+00:00,D,30.08356545960995,1,"[' ', 'I']",7937182245487278,A,GRMN
2022-02-24 14:30:09.880400+00:00,D,30.08356545960995,1,"[' ', 'I']",7937182251066278,A,GRMN
2022-02-24 14:30:10.154900+00:00,D,14.206128133704468,1,"[' ', 'I']",7937182251783378,A,GRMN
2022-02-24 14:30:11.731400+00:00,D,30.08356545960995,1,"[' ', 'I']",7937182270779378,A,GRMN
2022-02-24 14:30:12.010600+00:00,D,19.498607242339894,1,"[' ', 'I']",7937182271367578,A,GRMN
2022-02-24 14:30:13.273200+00:00,D,19.498607242339894,1,"[' ', 'I']",7937182284525978,A,GRMN
2022-02-24 14:30:15.346100+00:00,D,23.34261838440092,22,"[' ', 'I']",7937182317217578,A,GRMN
2022-02-24 14:30:15.767000+00:00,D,14.484679665738037,1,"[' ', 'I']",7937182324154778,A,GRMN
2022-02-24 14:30:16.396000+00:00,D,8.07799442896913,1,"[' ', '4', 'I']",7167532363297884,A,GRMN
2022-02-24 14:30:21.048300+00:00,D,21.3091922005571,100,[' '],7167532454408584,A,GRMN
2022-02-24 14:30:24.400200+00:00,A,13.370473537604555,100,[' '],52983525029204,A,GRMN
2022-02-24 14:30:24.400200+00:00,D,13.370473537604555,256,[' '],7167532481440984,A,GRMN
2022-02-24 14:30:24.400200+00:00,N,21.169916434540117,66,"[' ', 'I']",52983525095478,A,GRMN
2022-02-24 14:30:24.400200+00:00,N,21.169916434540117,20,"[' ', 'F', 'I']",52983525095479,A,GRMN
2022-02-24 14:30:24.400200+00:00,N,21.169916434540117,20,"[' ', 'F', 'I']",52983525095480,A,GRMN
2022-02-24 14:30:24.400200+00:00,N,21.169916434540117,20,"[' ', 'F', 'I']",52983525095481,A,GRMN
2022-02-24 14:30:24.400200+00:00,N,21.169916434540117,20,"[' ', 'F', 'I']",52983525095489,A,GRMN
2022-02-24 14:30:24.400200+00:00,T,14.763231197771606,1,"[' ', 'I']",62879232255585,A,GRMN
2022-02-24 14:30:24.400200+00:00,T,14.484679665738037,1,"[' ', 'I']",62879232255586,A,GRMN
2022-02-24 14:30:24.405800+00:00,N,21.169916434540117,20,"[' ', 'F', 'I']",52983525095490,A,GRMN
2022-02-24 14:30:24.405800+00:00,N,21.169916434540117,20,"[' ', 'F', 'I']",52983525095491,A,GRMN
2022-02-24 14:30:24.405800+00:00,N,21.169916434540117,20,"[' ', 'F', 'I']",52983525095492,A,GRMN
2022-02-24 14:30:24.405800+00:00,N,21.169916434540117,20,"[' ', 'F', 'I']",52983525095493,A,GRMN
2022-02-24 14:30:24.405800+00:00,N,21.169916434540117,20,"[' ', 'F', 'I']",52983525095494,A,GRMN
2022-02-24 14:30:24.405800+00:00,N,21.169916434540117,20,"[' ', 'F', 'I']",52983525095495,A,GRMN
2022-02-24 14:30:24.405800+00:00,N,21.169916434540117,20,"[' ', 'F', 'I']",52983525095496,A,GRMN
2022-02-24 14:30:24.405800+00:00,N,21.169916434540117,20,"[' ', 'F', 'I']",52983525095497,A,GRMN
2022-02-24 14:30:24.405800+00:00,N,21.169916434540117,20,"[' ', 'F', 'I']",52983525095498,A,GRMN
2022-02-24 14:30:24.405800+00:00,N,21.169916434540117,20,"[' ', 'F', 'I']",52983525095499,A,GRMN
2022-02-24 14:30:24.405800+00:00,N,21.169916434540117,20,"[' ', 'F', 'I']",52983525095500,A,GRMN
2022-02-24 14:30:24.405800+00:00,T,13.370473537604555,1,"[' ', 'I']",62879232255587,A,GRMN
2022-02-24 14:30:24.405800+00:00,T,13.370473537604555,31,"[' ', 'I']",62879232255588,A,GRMN
2022-02-24 14:30:26.255300+00:00,D,28.6908077994429,1,"[' ', 'I']",7937183765947878,A,GRMN
2022-02-24 14:30:26.255300+00:00,D,28.6908077994429,1,"[' ', 'I']",7937183765969878,A,GRMN
2022-02-24 14:30:27.315300+00:00,D,13.370473537604555,100,[' '],7167532507297284,A,GRMN
2022-02-24 14:30:27.835100+00:00,N,21.169916434540117,100,[' '],52983525095730,A,GRMN
2022-02-24 14:30:31.219400+00:00,D,19.610027855153003,72,"[' ', 'I']",7937183791829378,A,GRMN
2022-02-24 14:30:31.308300+00:00,D,23.34261838440092,1,"[' ', '4', 'I']",7167532552710784,A,GRMN
2022-02-24 14:30:33.501600+00:00,D,17.59331476323095,145,[' '],7167532572476284,A,GRMN
2022-02-24 14:30:33.898600+00:00,D,23.119777158774305,100,[' '],7937183798510778,A,GRMN
2022-02-24 14:30:33.898600+00:00,N,21.169916434540117,100,[' '],52983525098061,A,GRMN
2022-02-24 14:30:33.898600+00:00,N,21.169916434540117,2,"[' ', 'I']",52983525098063,A,GRMN
2022-02-24 14:30:34.209000+00:00,D,12.81337047353742,100,[' '],7167532585938184,A,GRMN
2022-02-24 14:30:34.209000+00:00,N,21.169916434540117,65,"[' ', 'I']",52983525098296,A,GRMN
2022-02-24 14:30:34.209000+00:00,T,14.484679665738037,35,"[' ', 'I']",62879232777317,A,GRMN
2022-02-24 14:30:35.058500+00:00,N,21.169916434540117,100,[' '],52983525098564,A,GRMN
2022-02-24 14:30:40.791000+00:00,N,21.169916434540117,100,[' '],52983525099093,A,GRMN
2022-02-24 14:30:42.424000+00:00,D,22.562674094707564,1,"[' ', 'I']",7167534047700284,A,GRMN
2022-02-24 14:30:42.900900+00:00,D,17.688022284122294,25,"[' ', 'I']",7167534053562684,A,GRMN
2022-02-24 14:30:47.155300+00:00,U,17.688022284122294,100,[' '],52997621233528,A,GRMN
2022-02-24 14:30:47.848800+00:00,D,22.562674094707564,14,"[' ', 'I']",7167534132719084,A,GRMN
2022-02-24 14:30:50.440100+00:00,D,22.284122562673993,900,[' '],7167534146182584,A,GRMN
2022-02-24 14:30:50.463500+00:00,D,22.005571030640425,1200,[' '],7167534146208784,A,GRMN
2022-02-24 14:30:50.463500+00:00,P,15.877437325905086,4,"[' ', 'I']",52983527389519,A,GRMN
2022-02-24 14:30:50.478600+00:00,N,15.041782729804778,88,"[' ', 'I']",52983525100615,A,GRMN
2022-02-24 14:30:50.478600+00:00,T,14.484679665738037,8,"[' ', 'I']",62879233499752,A,GRMN
2022-02-24 14:30:50.488600+00:00,D,22.284122562673993,1200,[' '],7167534151685484,A,GRMN
2022-02-24 14:30:50.519200+00:00,D,22.005571030640425,1200,[' '],7167534151688284,A,GRMN
2022-02-24 14:30:50.519200+00:00,D,22.284122562673993,300,[' '],7167534151710584,A,GRMN
2022-02-24 14:30:50.519200+00:00,N,15.041782729804778,94,"[' ', 'I']",52983525100616,A,GRMN
2022-02-24 14:30:50.519200+00:00,P,15.320334261838347,4,"[' ', 'I']",52983527389521,A,GRMN
2022-02-24 14:30:50.519200+00:00,V,15.877437325905086,2,"[' ', 'I']",53014751959347,A,GRMN
2022-02-24 14:30:50.549900+00:00,D,22.284122562673993,1600,[' '],7167534151712284,A,GRMN
2022-02-24 14:30:50.572000+00:00,D,22.284122562673993,1600,[' '],7167534151737984,A,GRMN
2022-02-24 14:30:50.584100+00:00,D,12.81337047353742,6,"[' ', 'I']",7167534151739884,A,GRMN
2022-02-24 14:30:50.584100+00:00,N,15.041782729804778,6,"[' ', 'I']",52983525100617,A,GRMN
2022-02-24 14:30:50.610200+00:00,D,22.284122562673993,200,[' '],7167534151787284,A,GRMN
2022-02-24 14:30:50.610200+00:00,D,22.284122562673993,400,[' '],7167534151787384,A,GRMN
2022-02-24 14:30:50.628500+00:00,D,22.284122562673993,200,[' '],7167534151789084,A,GRMN
2022-02-24 14:30:50.628500+00:00,D,22.284122562673993,100,[' '],7167534151789184,A,GRMN
2022-02-24 14:30:50.636300+00:00,D,22.284122562673993,100,[' '],7167534151789384,A,GRMN
2022-02-24 14:30:50.636300+00:00,K,22.284122562673993,20,"[' ', 'I']",52983525100858,A,GRMN
2022-02-24 14:30:50.636300+00:00,K,22.284122562673993,280,[' '],52983525100859,A,GRMN
2022-02-24 14:30:50.636300+00:00,K,22.841225626740737,67,"[' ', 'I']",52983525100860,A,GRMN
2022-02-24 14:30:50.636300+00:00,K,22.841225626740737,30,"[' ', 'F', 'I']",52983525100861,A,GRMN
2022-02-24 14:30:50.636300+00:00,K,22.841225626740737,30,"[' ', 'F', 'I']",52983525100862,A,GRMN
2022-02-24 14:30:50.636300+00:00,K,22.841225626740737,18,"[' ', 'F', 'I']",52983525100863,A,GRMN
2022-02-24 14:30:50.636300+00:00,N,22.562674094707564,1,"[' ', 'F', 'I']",52983525100618,A,GRMN
2022-02-24 14:30:50.636300+00:00,N,22.562674094707564,20,"[' ', 'F', 'I']",52983525100619,A,GRMN
2022-02-24 14:30:50.636300+00:00,T,21.169916434540117,10,"[' ', 'I']",62879233500770,A,GRMN
2022-02-24 14:30:50.636300+00:00,T,21.169916434540117,20,"[' ', 'I']",62879233500771,A,GRMN
2022-02-24 14:30:50.636300+00:00,T,22.284122562673993,40,"[' ', 'I']",62879233500772,A,GRMN
2022-02-24 14:30:50.636300+00:00,T,22.562674094707564,35,"[' ', 'F', 'I']",62879233500773,A,GRMN
2022-02-24 14:30:50.636300+00:00,T,22.562674094707564,1,"[' ', 'F', 'I']",62879233500774,A,GRMN
2022-02-24 14:30:50.636300+00:00,T,22.562674094707564,1,"[' ', 'F', 'I']",62879233500775,A,GRMN
2022-02-24 14:30:50.636300+00:00,Z,22.284122562673993,20,"[' ', 'I']",52983525035114,A,GRMN
2022-02-24 14:30:50.636300+00:00,Z,23.955431754874613,13,"[' ', 'I']",52983525035115,A,GRMN
2022-02-24 14:30:50.636300+00:00,Z,23.955431754874613,16,"[' ', 'I']",52983525035116,A,GRMN
2022-02-24 14:30:50.643400+00:00,D,21.169916434540117,100,[' '],7167534151790684,A,GRMN
2022-02-24 14:30:50.643400+00:00,D,21.727019498607252,50,"[' ', 'I']",7167534151790884,A,GRMN
2022-02-24 14:30:50.643400+00:00,D,22.284122562673993,50,"[' ', 'I']",7167534151790984,A,GRMN
2022-02-24 14:30:50.643400+00:00,N,22.562674094707564,20,"[' ', 'F', 'I']",52983525100620,A,GRMN
2022-02-24 14:30:50.653300+00:00,D,20.47353760445679,100,[' '],7167534151791184,A,GRMN
2022-02-24 14:30:50.691200+00:00,N,22.562674094707564,59,"[' ', 'F', 'I']",52983525100621,A,GRMN
2022-02-24 14:30:50.691200+00:00,N,23.398328690807872,1,"[' ', 'F', 'I']",52983525100622,A,GRMN
2022-02-24 14:30:51.093400+00:00,D,22.284122562673993,1100,[' '],7167534152302984,A,GRMN
2022-02-24 14:30:52.682800+00:00,D,18.384401114206014,96,"[' ', 'I']",7167534159316084,A,GRMN
2022-02-24 14:30:53.437000+00:00,Z,23.955431754874613,1,"[' ', 'I']",52983525035348,A,GRMN
2022-02-24 14:30:53.718900+00:00,D,23.955431754874613,100,[' '],7167534171784184,A,GRMN
2022-02-24 14:30:53.718900+00:00,D,23.676880222841046,100,[' '],7167534171784284,A,GRMN
2022-02-24 14:30:53.803600+00:00,D,19.610027855153003,1,"[' ', '4', 'I']",7167534171858184,A,GRMN
2022-02-24 14:30:54.644800+00:00,D,14.763231197771606,5,"[' ', 'I']",7167522270906666,A,GRMN
2022-02-24 14:30:55.500600+00:00,D,23.955431754874613,135,[' '],7167534185018284,A,GRMN
2022-02-24 14:30:55.500600+00:00,D,23.955431754874613,48,"[' ', 'I']",7167534185018384,A,GRMN
2022-02-24 14:30:55.500600+00:00,D,22.284122562673993,33,"[' ', 'I']",7937183890232478,A,GRMN
2022-02-24 14:30:55.519600+00:00,K,23.955431754874613,100,[' '],52983525101114,A,GRMN
2022-02-24 14:30:55.519600+00:00,K,23.955431754874613,42,"[' ', 'I']",52983525101115,A,GRMN
2022-02-24 14:30:55.519600+00:00,K,25.069637883008095,30,"[' ', 'F', 'I']",52983525101116,A,GRMN
2022-02-24 14:30:55.519600+00:00,K,25.069637883008095,30,"[' ', 'F', 'I']",52983525101117,A,GRMN
2022-02-24 14:30:55.519600+00:00,N,23.955431754874613,281,[' '],52983525101392,A,GRMN
2022-02-24 14:30:55.519600+00:00,N,23.955431754874613,200,[' '],52983525101393,A,GRMN
2022-02-24 14:30:55.519600+00:00,N,24.233983286907787,100,[' '],52983525101394,A,GRMN
2022-02-24 14:30:55.519600+00:00,P,23.955431754874613,1,"[' ', 'I']",52983527394120,A,GRMN
2022-02-24 14:30:55.519600+00:00,P,24.233983286907787,1,"[' ', 'I']",52983527394121,A,GRMN
2022-02-24 14:30:55.519600+00:00,P,28.6908077994429,100,"[' ', 'F']",52983527394122,A,GRMN
2022-02-24 14:30:55.519600+00:00,T,22.284122562673993,9,"[' ', 'I']",62879233761131,A,GRMN
2022-02-24 14:30:55.519600+00:00,T,23.955431754874613,100,[' '],62879233761132,A,GRMN
2022-02-24 14:30:55.519600+00:00,T,23.955431754874613,100,[' '],62879233761133,A,GRMN
2022-02-24 14:30:55.519600+00:00,T,23.955431754874613,100,[' '],62879233761134,A,GRMN
2022-02-24 14:30:55.519600+00:00,T,23.955431754874613,100,[' '],62879233761135,A,GRMN
2022-02-24 14:30:55.519600+00:00,T,23.955431754874613,151,"[' ', 'F']",62879233761328,A,GRMN
2022-02-24 14:30:55.519600+00:00,T,23.955431754874613,49,"[' ', 'I']",62879233761329,A,GRMN
2022-02-24 14:30:55.519600+00:00,T,24.233983286907787,30,"[' ', 'F', 'I']",62879233761330,A,GRMN
2022-02-24 14:30:55.519600+00:00,T,24.233983286907787,100,[' '],62879233761331,A,GRMN
2022-02-24 14:30:55.519600+00:00,T,24.233983286907787,70,"[' ', 'I']",62879233761332,A,GRMN
2022-02-24 14:30:55.519600+00:00,T,24.233983286907787,30,"[' ', 'I']",62879233761333,A,GRMN
2022-02-24 14:30:55.519600+00:00,T,24.233983286907787,70,"[' ', 'I']",62879233761334,A,GRMN
2022-02-24 14:30:55.519600+00:00,U,23.955431754874613,81,"[' ', 'I']",53000742589511,A,GRMN
2022-02-24 14:30:55.519600+00:00,V,23.955431754874613,100,[' '],53018123265873,A,GRMN
2022-02-24 14:30:55.519600+00:00,Z,23.955431754874613,70,"[' ', 'I']",52983525035383,A,GRMN
2022-02-24 14:30:55.525600+00:00,A,29.526462395543213,39,"[' ', 'F', 'I']",52983525029973,A,GRMN
2022-02-24 14:30:55.525600+00:00,A,29.526462395543213,100,"[' ', 'F']",52983525029974,A,GRMN
2022-02-24 14:30:55.525600+00:00,K,25.069637883008095,40,"[' ', 'F', 'I']",52983525101118,A,GRMN
2022-02-24 14:30:55.678600+00:00,D,21.448467966573684,200,[' '],7167534185196984,A,GRMN
2022-02-24 14:30:56.569600+00:00,T,20.612813370473376,61,"[' ', 'F', 'I']",62879233822289,A,GRMN
2022-02-24 14:30:56.588700+00:00,D,14.233983286907945,61,"[' ', 'I']",7937183896018578,A,GRMN
2022-02-24 14:30:56.851400+00:00,D,14.206128133704468,1,"[' ', 'I']",7937183896096478,A,GRMN
2022-02-24 14:30:59.873900+00:00,D,12.81337047353742,1,"[' ', 'I']",7937183902548878,A,GRMN
2022-02-24 14:31:02.182600+00:00,D,28.41225626740933,13,"[' ', 'I']",7167534224698084,A,GRMN
2022-02-24 14:31:05.916000+00:00,D,17.752089136490127,4,"[' ', 'I']",7167534250808284,A,GRMN
2022-02-24 14:31:09.983600+00:00,D,15.584958217270179,10,"[' ', 'I']",7167534277152884,A,GRMN
2022-02-24 14:31:14.602900+00:00,D,28.6908077994429,400,[' '],7167535705093584,A,GRMN
2022-02-24 14:31:19.106600+00:00,N,21.448467966573684,1,"[' ', 'F', 'I']",52983525160261,A,GRMN
2022-02-24 14:31:21.221000+00:00,D,28.6908077994429,100,[' '],7167535744647684,A,GRMN
2022-02-24 14:31:21.221000+00:00,D,27.576601671309025,100,[' '],7937183928815478,A,GRMN
2022-02-24 14:31:21.863100+00:00,D,15.584958217270179,10,"[' ', 'I']",7167535750866284,A,GRMN
2022-02-24 14:31:22.984000+00:00,D,27.576601671309025,100,[' '],7937183929633578,A,GRMN
2022-02-24 14:31:22.994900+00:00,D,28.133704735375765,100,[' '],7937183929633678,A,GRMN
2022-02-24 14:31:24.745600+00:00,D,27.576601671309025,100,[' '],7167535817248784,A,GRMN
2022-02-24 14:31:24.781000+00:00,D,28.133704735375765,50,"[' ', 'I']",7167535817324184,A,GRMN
2022-02-24 14:31:26.520500+00:00,N,28.41225626740933,100,[' '],52983525160776,A,GRMN
2022-02-24 14:31:26.520500+00:00,N,28.6908077994429,100,[' '],52983525160777,A,GRMN
2022-02-24 14:31:27.230900+00:00,U,21.58774373259027,100,[' '],53001194141292,A,GRMN
2022-02-24 14:31:28.297300+00:00,N,28.41225626740933,100,[' '],52983525161015,A,GRMN
2022-02-24 14:31:28.627900+00:00,D,14.763231197771606,200,[' '],7167535843539584,A,GRMN
2022-02-24 14:31:41.091600+00:00,D,21.169916434540117,1,"[' ', 'I']",7167535941333284,A,GRMN
2022-02-24 14:31:41.210900+00:00,D,15.922005571030729,1,"[' ', 'I']",7937183962222878,A,GRMN
2022-02-24 14:31:42.273600+00:00,D,20.612813370473376,120,[' '],7167535948344884,A,GRMN
2022-02-24 14:31:42.354900+00:00,J,26.462395543175543,23,"[' ', 'I']",52983525029719,A,GRMN
2022-02-24 14:31:42.354900+00:00,N,26.462395543175543,100,[' '],52983525164102,A,GRMN
2022-02-24 14:31:42.354900+00:00,N,28.6908077994429,200,[' '],52983525164103,A,GRMN
2022-02-24 14:31:42.354900+00:00,N,28.6908077994429,100,[' '],52983525164104,A,GRMN
2022-02-24 14:31:42.354900+00:00,P,28.969359331476074,1,"[' ', 'F', 'I']",52983527462467,A,GRMN
2022-02-24 14:31:42.354900+00:00,T,26.462395543175543,100,[' '],62879248180033,A,GRMN
2022-02-24 14:31:42.354900+00:00,T,28.6908077994429,100,"[' ', 'F']",62879248180034,A,GRMN
2022-02-24 14:31:42.354900+00:00,T,28.6908077994429,100,"[' ', 'F']",62879248180035,A,GRMN
2022-02-24 14:31:42.354900+00:00,T,28.6908077994429,100,[' '],62879248180036,A,GRMN
2022-02-24 14:31:42.354900+00:00,Z,26.462395543175543,200,[' '],52983525039224,A,GRMN
2022-02-24 14:31:42.354900+00:00,Z,26.462395543175543,100,[' '],52983525039225,A,GRMN
2022-02-24 14:31:43.399700+00:00,D,19.68523676880215,10,"[' ', 'I']",7167535960581584,A,GRMN
2022-02-24 14:31:51.503300+00:00,D,27.99442896935918,27,"[' ', 'I']",7167537409490584,A,GRMN
2022-02-24 14:31:57.922300+00:00,K,30.36211699164352,4,"[' ', 'F', 'I']",52983525104993,A,GRMN
2022-02-24 14:31:57.922300+00:00,P,30.36211699164352,4,"[' ', 'F', 'I']",52983527524405,A,GRMN
2022-02-24 14:31:58.574600+00:00,U,30.36211699164352,9,"[' ', 'F', 'I']",53001631327864,A,GRMN
2022-02-24 14:31:59.607900+00:00,D,33.147632311977624,100,[' '],7167537514453284,A,GRMN
2022-02-24 14:32:03.711000+00:00,D,22.863509749303358,1,"[' ', 'I']",7167537546683084,A,GRMN
2022-02-24 14:32:03.742700+00:00,D,29.721448467966354,1,"[' ', 'I']",7167537546912984,A,GRMN
2022-02-24 14:32:03.780500+00:00,N,33.147632311977624,200,[' '],52983525167671,A,GRMN
2022-02-24 14:32:03.780500+00:00,T,33.147632311977624,100,[' '],62879249223478,A,GRMN
2022-02-24 14:32:03.787800+00:00,T,33.147632311977624,100,[' '],62879249223479,A,GRMN
2022-02-24 14:32:03.787800+00:00,T,33.147632311977624,100,[' '],62879249223480,A,GRMN
2022-02-24 14:32:04.024200+00:00,D,33.147632311977624,100,[' '],7167537547246184,A,GRMN
2022-02-24 14:32:04.057600+00:00,D,21.727019498607252,1,"[' ', 'I']",7167537547294884,A,GRMN
2022-02-24 14:32:04.809000+00:00,A,35.37604456824498,1,"[' ', 'F', 'I']",52983525032788,A,GRMN
2022-02-24 14:32:04.809000+00:00,N,35.09749303621141,179,[' '],52983525167922,A,GRMN
2022-02-24 14:32:04.809000+00:00,N,37.32590529247916,100,[' '],52983525167923,A,GRMN
2022-02-24 14:32:04.809000+00:00,T,35.09749303621141,100,[' '],62879249288768,A,GRMN
2022-02-24 14:32:04.809000+00:00,T,35.09749303621141,100,[' '],62879249288769,A,GRMN
2022-02-24 14:32:04.881500+00:00,N,37.32590529247916,4,"[' ', 'F', 'I']",52983525167928,A,GRMN
2022-02-24 14:32:04.881500+00:00,N,37.32590529247916,196,[' '],52983525167929,A,GRMN
2022-02-24 14:32:04.986400+00:00,T,38.44011142061265,14,"[' ', 'F', 'I']",62879249291321,A,GRMN
2022-02-24 14:32:04.986400+00:00,T,38.44011142061265,2,"[' ', 'F', 'I']",62879249291322,A,GRMN
2022-02-24 14:32:04.986400+00:00,T,38.44011142061265,51,"[' ', 'F', 'I']",62879249291323,A,GRMN
2022-02-24 14:32:05.257000+00:00,D,38.8579387186628,100,[' '],7167537559763484,A,GRMN
2022-02-24 14:32:11.234200+00:00,D,39.066852367688085,227,[' '],7167537599672284,A,GRMN
2022-02-24 14:32:12.055600+00:00,D,38.582172701949666,26,"[' ', 'I']",7167537606328284,A,GRMN
2022-02-24 14:32:13.322200+00:00,D,31.476323119777,5,"[' ', 'I']",7167537619512884,A,GRMN
2022-02-24 14:32:13.595400+00:00,D,31.47910863509743,3,"[' ', 'I']",7167537625301284,A,GRMN
2022-02-24 14:32:24.352500+00:00,D,25.515320334261727,1,"[' ', 'I']",7167550837637484,A,GRMN
2022-02-24 14:32:25.642200+00:00,D,34.540389972144666,100,[' '],7937184033826578,A,GRMN
2022-02-24 14:32:25.650200+00:00,X,35.37604456824498,100,[' '],62879130801775,A,GRMN
2022-02-24 14:32:28.386600+00:00,T,44.01114206128125,10,"[' ', 'I']",62879250213201,A,GRMN
2022-02-24 14:32:28.386600+00:00,T,37.32590529247916,20,"[' ', 'F', 'I']",62879250213202,A,GRMN
2022-02-24 14:32:28.386600+00:00,T,37.32590529247916,20,"[' ', 'F', 'I']",62879250213203,A,GRMN
2022-02-24 14:32:28.386600+00:00,T,37.32590529247916,20,"[' ', 'F', 'I']",62879250213204,A,GRMN
2022-02-24 14:32:28.605100+00:00,N,36.76880222841203,1,"[' ', 'I']",52983525226311,A,GRMN
2022-02-24 14:32:28.605100+00:00,P,39.415041782729546,900,[' '],52983541810759,A,GRMN
2022-02-24 14:32:28.605100+00:00,V,33.70473537604436,100,[' '],53035352864048,A,GRMN
2022-02-24 14:32:28.605100+00:00,V,33.70473537604436,33,"[' ', 'I']",53035352864069,A,GRMN
2022-02-24 14:32:28.605100+00:00,X,33.426183844011184,90,"[' ', 'F', 'I']",62879130804048,A,GRMN
2022-02-24 14:32:28.605100+00:00,X,33.426183844011184,10,"[' ', 'F', 'I']",62879130804049,A,GRMN
2022-02-24 14:32:28.615300+00:00,P,39.27576601671296,500,[' '],52983541810760,A,GRMN
2022-02-24 14:32:28.615300+00:00,V,33.426183844011184,33,"[' ', 'I']",53035352868975,A,GRMN
2022-02-24 14:32:28.615300+00:00,V,33.426183844011184,67,"[' ', 'I']",53035352869177,A,GRMN
2022-02-24 14:32:28.646800+00:00,D,44.289693593314816,100,[' '],7167550909884084,A,GRMN
2022-02-24 14:32:28.646800+00:00,D,45.12534818941473,100,[' '],7167550909884284,A,GRMN
2022-02-24 14:32:28.697800+00:00,N,43.454038997214504,100,[' '],52983525226312,A,GRMN
2022-02-24 14:32:29.436000+00:00,U,39.13649025069637,100,[' '],53005054130000,A,GRMN
2022-02-24 14:32:30.466200+00:00,D,39.13649025069637,100,[' '],7167550922913384,A,GRMN
2022-02-24 14:32:31.320300+00:00,X,33.70473537604436,100,"[' ', 'F']",62879130805808,A,GRMN
2022-02-24 14:32:31.410100+00:00,D,33.70473537604436,90,"[' ', 'I']",7167550929491384,A,GRMN
2022-02-24 14:32:31.453400+00:00,P,34.81894150417824,100,[' '],52983541811252,A,GRMN
2022-02-24 14:32:31.468800+00:00,D,35.65459610027855,100,[' '],7167550929541084,A,GRMN
2022-02-24 14:32:31.690900+00:00,D,33.70473537604436,100,[' '],7167550929720284,A,GRMN
2022-02-24 14:32:31.690900+00:00,K,38.9972144846794,200,[' '],52983525106810,A,GRMN
2022-02-24 14:32:31.690900+00:00,P,34.540389972144666,100,"[' ', 'F']",52983541811265,A,GRMN
2022-02-24 14:32:33.786400+00:00,D,41.51810584958206,5,"[' ', 'I']",7167550942879384,A,GRMN
2022-02-24 14:32:34.515300+00:00,P,34.540389972144666,100,[' '],52983541811531,A,GRMN
2022-02-24 14:32:35.611900+00:00,P,34.540389972144666,100,[' '],52983541812043,A,GRMN
2022-02-24 14:32:36.782400+00:00,P,34.540389972144666,100,[' '],52983541812810,A,GRMN
2022-02-24 14:32:36.782400+00:00,T,34.2618384401115,100,"[' ', 'F']",62879250535491,A,GRMN
2022-02-24 14:32:37.628700+00:00,D,43.905292479108596,1,"[' ', 'I']",7167550968939584,A,GRMN
2022-02-24 14:32:37.690600+00:00,D,33.426183844011184,100,[' '],7167550968968384,A,GRMN
2022-02-24 14:32:37.696100+00:00,D,38.57938718662924,1300,[' '],7167550968968584,A,GRMN
2022-02-24 14:32:38.396400+00:00,D,44.01114206128125,200,[' '],7167550975007284,A,GRMN
2022-02-24 14:32:38.684500+00:00,D,38.71866295264622,300,[' '],7167550975393884,A,GRMN
2022-02-24 14:32:39.328000+00:00,D,44.01114206128125,200,[' '],7167550981381084,A,GRMN
2022-02-24 14:32:39.409200+00:00,D,43.73259052924768,300,[' '],7167550981435184,A,GRMN
2022-02-24 14:32:39.422200+00:00,D,44.01114206128125,400,[' '],7167550981435784,A,GRMN
2022-02-24 14:32:39.666000+00:00,D,44.01114206128125,100,[' '],7167550981868084,A,GRMN
2022-02-24 14:32:39.676900+00:00,D,44.01114206128125,200,[' '],7167550981870184,A,GRMN
2022-02-24 14:32:39.690500+00:00,D,43.73259052924768,50,"[' ', 'I']",7167550981871384,A,GRMN
2022-02-24 14:32:39.712000+00:00,D,44.01114206128125,500,[' '],7167550981894884,A,GRMN
2022-02-24 14:32:40.147200+00:00,D,44.01114206128125,100,[' '],7167550982251684,A,GRMN
2022-02-24 14:32:40.147200+00:00,D,44.01114206128125,100,[' '],7167550982251784,A,GRMN
2022-02-24 14:32:40.679900+00:00,D,33.70473537604436,100,[' '],7167550988113984,A,GRMN
2022-02-24 14:32:40.696300+00:00,D,33.426183844011184,100,[' '],7167550988115484,A,GRMN
2022-02-24 14:32:41.730000+00:00,X,33.70473537604436,55,"[' ', 'F', 'I']",62879130862133,A,GRMN
2022-02-24 14:32:41.730000+00:00,X,33.70473537604436,45,"[' ', 'I']",62879130862134,A,GRMN
2022-02-24 14:32:50.402000+00:00,D,38.71866295264622,7,"[' ', 'I']",7167551047867084,A,GRMN
2022-02-24 14:32:55.432100+00:00,D,33.70473537604436,1,"[' ', 'I']",7167552476552884,A,GRMN
2022-02-24 14:32:57.832600+00:00,D,42.89693593314737,100,[' '],7167552495292084,A,GRMN
2022-02-24 14:32:58.483300+00:00,D,43.175487465180936,100,[' '],7167552496082084,A,GRMN
2022-02-24 14:32:58.540200+00:00,N,43.175487465180936,100,[' '],52983525231185,A,GRMN
2022-02-24 14:32:58.890900+00:00,D,32.869080779944056,100,[' '],7167552501869184,A,GRMN
2022-02-24 14:32:59.437300+00:00,D,33.70473537604436,13,"[' ', 'I']",7167552502459284,A,GRMN
2022-02-24 14:33:00.026000+00:00,V,43.175487465180936,100,[' '],53039983774313,A,GRMN
2022-02-24 14:33:01.401200+00:00,D,43.175487465180936,100,[' '],7167552515640484,A,GRMN
2022-02-24 14:33:02.051800+00:00,N,42.89693593314737,2,"[' ', 'F', 'I']",52983525231699,A,GRMN
2022-02-24 14:33:02.051800+00:00,P,42.89693593314737,1,"[' ', 'F', 'I']",52983541875764,A,GRMN
2022-02-24 14:33:07.325600+00:00,D,42.6183844011142,100,[' '],7167552600737684,A,GRMN
2022-02-24 14:33:07.430500+00:00,N,43.175487465180936,20,"[' ', 'F', 'I']",52983525232210,A,GRMN
2022-02-24 14:33:07.430500+00:00,N,43.175487465180936,20,"[' ', 'F', 'I']",52983525232211,A,GRMN
2022-02-24 14:33:07.430500+00:00,N,43.175487465180936,1,"[' ', 'F', 'I']",52983525232212,A,GRMN
2022-02-24 14:33:07.430500+00:00,N,43.175487465180936,20,"[' ', 'F', 'I']",52983525232213,A,GRMN
2022-02-24 14:33:07.430500+00:00,P,43.175487465180936,1,"[' ', 'F', 'I']",52983541877048,A,GRMN
2022-02-24 14:33:07.430500+00:00,T,42.89693593314737,100,"[' ', 'F']",62879264290356,A,GRMN
2022-02-24 14:33:07.430500+00:00,T,43.175487465180936,100,[' '],62879264290359,A,GRMN
2022-02-24 14:33:07.430500+00:00,T,43.175487465180936,100,[' '],62879264290360,A,GRMN
2022-02-24 14:33:07.430500+00:00,T,43.175487465180936,23,"[' ', 'I']",62879264290361,A,GRMN
2022-02-24 14:33:07.430500+00:00,T,43.175487465180936,100,[' '],62879264290362,A,GRMN
2022-02-24 14:33:07.430500+00:00,T,43.175487465180936,71,"[' ', 'I']",62879264290363,A,GRMN
2022-02-24 14:33:07.430500+00:00,T,43.175487465180936,100,[' '],62879264290379,A,GRMN
2022-02-24 14:33:07.430500+00:00,T,43.175487465180936,53,"[' ', 'I']",62879264290384,A,GRMN
2022-02-24 14:33:07.430500+00:00,T,43.175487465180936,47,"[' ', 'I']",62879264290385,A,GRMN
2022-02-24 14:33:07.430500+00:00,T,43.175487465180936,1,"[' ', 'I']",62879264290386,A,GRMN
2022-02-24 14:33:07.430500+00:00,T,43.175487465180936,99,"[' ', 'I']",62879264290390,A,GRMN
2022-02-24 14:33:07.430500+00:00,Y,43.175487465180936,100,"[' ', 'F']",52983525030227,A,GRMN
2022-02-24 14:33:07.430500+00:00,Y,43.175487465180936,100,[' '],52983525030228,A,GRMN
2022-02-24 14:33:07.430500+00:00,Y,43.175487465180936,100,"[' ', 'F']",52983525030229,A,GRMN
2022-02-24 14:33:07.430500+00:00,Y,43.175487465180936,100,[' '],52983525030230,A,GRMN
2022-02-24 14:33:07.435700+00:00,N,43.175487465180936,14,"[' ', 'F', 'I']",52983525232214,A,GRMN
2022-02-24 14:33:07.435700+00:00,N,43.175487465180936,13,"[' ', 'F', 'I']",52983525232432,A,GRMN
2022-02-24 14:33:07.435700+00:00,N,43.175487465180936,12,"[' ', 'I']",52983525232433,A,GRMN
2022-02-24 14:33:07.435700+00:00,N,43.454038997214504,2,"[' ', 'I']",52983525232434,A,GRMN
2022-02-24 14:33:07.435700+00:00,N,44.01114206128125,100,[' '],52983525232435,A,GRMN
2022-02-24 14:33:07.435700+00:00,N,44.01114206128125,107,[' '],52983525232436,A,GRMN
2022-02-24 14:33:07.435700+00:00,N,44.01114206128125,20,"[' ', 'F', 'I']",52983525232437,A,GRMN
2022-02-24 14:33:07.435700+00:00,N,44.01114206128125,20,"[' ', 'F', 'I']",52983525232438,A,GRMN
2022-02-24 14:33:07.435700+00:00,N,44.01114206128125,20,"[' ', 'F', 'I']",52983525232439,A,GRMN
2022-02-24 14:33:07.435700+00:00,N,44.01114206128125,20,"[' ', 'F', 'I']",52983525232440,A,GRMN
2022-02-24 14:33:07.435700+00:00,N,44.01114206128125,7,"[' ', 'F', 'I']",52983525232441,A,GRMN
2022-02-24 14:33:07.435700+00:00,N,44.01114206128125,20,"[' ', 'F', 'I']",52983525232449,A,GRMN
2022-02-24 14:33:07.435700+00:00,N,44.01114206128125,7,"[' ', 'F', 'I']",52983525232450,A,GRMN
2022-02-24 14:33:07.435700+00:00,N,44.01114206128125,20,"[' ', 'F', 'I']",52983525232451,A,GRMN
2022-02-24 14:33:07.435700+00:00,N,44.01114206128125,7,"[' ', 'F', 'I']",52983525232452,A,GRMN
2022-02-24 14:33:07.435700+00:00,N,44.01114206128125,20,"[' ', 'F', 'I']",52983525232453,A,GRMN
2022-02-24 14:33:07.435700+00:00,N,44.01114206128125,20,"[' ', 'F', 'I']",52983525232454,A,GRMN
2022-02-24 14:33:07.435700+00:00,N,44.01114206128125,7,"[' ', 'F', 'I']",52983525232455,A,GRMN
2022-02-24 14:33:07.435700+00:00,N,44.01114206128125,5,"[' ', 'F', 'I']",52983525232456,A,GRMN
2022-02-24 14:33:07.435700+00:00,N,44.289693593314816,1,"[' ', 'F', 'I']",52983525232457,A,GRMN
2022-02-24 14:33:07.435700+00:00,P,44.01114206128125,23,"[' ', 'I']",52983541877049,A,GRMN
2022-02-24 14:33:07.435700+00:00,T,43.175487465180936,1,"[' ', 'I']",62879264290391,A,GRMN
2022-02-24 14:33:07.435700+00:00,T,43.175487465180936,28,"[' ', 'I']",62879264290392,A,GRMN
2022-02-24 14:33:07.435700+00:00,T,44.568245125347985,10,"[' ', 'F', 'I']",62879264290610,A,GRMN
2022-02-24 14:33:07.435700+00:00,Z,44.01114206128125,86,"[' ', 'F', 'I']",52983525044554,A,GRMN
2022-02-24 14:33:07.435700+00:00,Z,44.01114206128125,14,"[' ', 'I']",52983525044555,A,GRMN
2022-02-24 14:33:07.498700+00:00,D,42.75766016713079,100,[' '],7167552600891084,A,GRMN
2022-02-24 14:33:07.592100+00:00,N,44.289693593314816,6,"[' ', 'F', 'I']",52983525232460,A,GRMN
2022-02-24 14:33:07.592100+00:00,T,44.568245125347985,13,"[' ', 'I']",62879264292195,A,GRMN
2022-02-24 14:33:08.546200+00:00,V,45.4038997214483,100,[' '],53040438011720,A,GRMN
2022-02-24 14:33:09.105600+00:00,D,42.47910863509721,71,"[' ', 'I']",7167552613614384,A,GRMN
2022-02-24 14:33:11.022100+00:00,D,45.12534818941473,200,[' '],7937185488646778,A,GRMN
2022-02-24 14:33:11.022100+00:00,N,45.4038997214483,100,[' '],52983525232953,A,GRMN
2022-02-24 14:33:11.022100+00:00,N,45.4038997214483,100,[' '],52983525232961,A,GRMN
2022-02-24 14:33:11.022100+00:00,P,45.4038997214483,23,"[' ', 'I']",52983541878101,A,GRMN
2022-02-24 14:33:11.022100+00:00,T,45.4038997214483,8,"[' ', 'F', 'I']",62879264425304,A,GRMN
2022-02-24 14:33:11.022100+00:00,T,45.4038997214483,92,"[' ', 'I']",62879264425305,A,GRMN
2022-02-24 14:33:11.022100+00:00,T,45.4038997214483,8,"[' ', 'I']",62879264425306,A,GRMN
2022-02-24 14:33:11.022100+00:00,T,45.4038997214483,71,"[' ', 'I']",62879264425307,A,GRMN
2022-02-24 14:33:11.022100+00:00,T,45.4038997214483,20,"[' ', 'F', 'I']",62879264425308,A,GRMN
2022-02-24 14:33:11.022100+00:00,T,45.4038997214483,80,"[' ', 'I']",62879264425309,A,GRMN
2022-02-24 14:33:11.022100+00:00,U,45.682451253481865,38,"[' ', 'F', 'I']",53005624047706,A,GRMN
2022-02-24 14:33:11.022100+00:00,Y,45.4038997214483,48,"[' ', 'I']",52983525030234,A,GRMN
2022-02-24 14:33:11.022100+00:00,Z,45.4038997214483,100,[' '],52983525044585,A,GRMN
2022-02-24 14:33:11.027600+00:00,T,45.4038997214483,20,"[' ', 'I']",62879264425310,A,GRMN
2022-02-24 14:33:11.027600+00:00,T,45.4038997214483,1,"[' ', 'F', 'I']",62879264425311,A,GRMN
2022-02-24 14:33:11.027600+00:00,T,46.23955431754861,100,[' '],62879264425314,A,GRMN
2022-02-24 14:33:14.449500+00:00,Z,46.37883008356519,1,"[' ', 'I']",52983525045076,A,GRMN
2022-02-24 14:33:16.487900+00:00,D,43.454038997214504,1,"[' ', 'I']",7167552666398884,A,GRMN
2022-02-24 14:33:16.523900+00:00,D,46.37883008356519,100,[' '],7167552666453584,A,GRMN
2022-02-24 14:33:16.523900+00:00,N,46.37883008356519,100,[' '],52983525233229,A,GRMN
2022-02-24 14:33:16.523900+00:00,N,46.37883008356519,100,[' '],52983525233230,A,GRMN
2022-02-24 14:33:16.523900+00:00,P,44.01114206128125,50,"[' ', 'I']",52983541879626,A,GRMN
2022-02-24 14:33:16.523900+00:00,P,43.454038997214504,50,"[' ', 'I']",52983541879627,A,GRMN
2022-02-24 14:33:16.523900+00:00,Z,46.37883008356519,20,"[' ', 'F', 'I']",52983525045095,A,GRMN
2022-02-24 14:33:16.532000+00:00,P,45.12534818941473,100,[' '],52983541879628,A,GRMN
2022-02-24 14:33:16.866800+00:00,P,47.07520891364892,200,[' '],52983541879859,A,GRMN
2022-02-24 14:33:17.525900+00:00,D,47.07520891364892,100,[' '],7167552672952384,A,GRMN
2022-02-24 14:33:17.934800+00:00,N,49.303621169916276,60,"[' ', 'F', 'I']",52983525233478,A,GRMN
2022-02-24 14:33:17.934800+00:00,N,49.303621169916276,40,"[' ', 'F', 'I']",52983525233479,A,GRMN
2022-02-24 14:33:17.934800+00:00,P,47.35376044568248,400,[' '],52983541879875,A,GRMN
2022-02-24 14:33:17.934800+00:00,P,47.35376044568248,371,[' '],52983541879876,A,GRMN
2022-02-24 14:33:17.934800+00:00,P,49.303621169916276,1,"[' ', 'F', 'I']",52983541879877,A,GRMN
2022-02-24 14:33:17.934800+00:00,P,47.35376044568248,29,"[' ', 'I']",52983541879878,A,GRMN
2022-02-24 14:33:17.934800+00:00,P,47.35376044568248,371,[' '],52983541879879,A,GRMN
2022-02-24 14:33:17.934800+00:00,P,49.303621169916276,92,"[' ', 'I']",52983541879880,A,GRMN
2022-02-24 14:33:17.934800+00:00,P,49.303621169916276,7,"[' ', 'F', 'I']",52983541879881,A,GRMN
2022-02-24 14:33:17.934800+00:00,P,49.582172701949844,1,"[' ', 'F', 'I']",52983541879882,A,GRMN
2022-02-24 14:33:17.934800+00:00,T,49.303621169916276,95,"[' ', 'F', 'I']",62879264688480,A,GRMN
2022-02-24 14:33:17.934800+00:00,T,49.303621169916276,2,"[' ', 'F', 'I']",62879264688481,A,GRMN
2022-02-24 14:33:17.934800+00:00,T,49.303621169916276,3,"[' ', 'I']",62879264688482,A,GRMN
2022-02-24 14:33:17.934800+00:00,T,49.582172701949844,96,"[' ', 'F', 'I']",62879264688483,A,GRMN
2022-02-24 14:33:17.934800+00:00,T,49.582172701949844,4,"[' ', 'F', 'I']",62879264688484,A,GRMN
2022-02-24 14:33:17.934800+00:00,T,49.582172701949844,7,"[' ', 'F', 'I']",62879264688485,A,GRMN
2022-02-24 14:33:17.934800+00:00,T,49.303621169916276,7,"[' ', 'F', 'I']",62879264688486,A,GRMN
2022-02-24 14:33:17.934800+00:00,V,49.582172701949844,18,"[' ', 'I']",53043958067796,A,GRMN
2022-02-24 14:33:17.934800+00:00,V,49.582172701949844,17,"[' ', 'I']",53043958067832,A,GRMN
2022-02-24 14:33:17.934800+00:00,V,49.582172701949844,5,"[' ', 'I']",53043958068034,A,GRMN
2022-02-24 14:33:17.940600+00:00,P,47.63231197771566,100,[' '],52983541879883,A,GRMN
2022-02-24 14:33:17.940600+00:00,P,47.35376044568248,29,"[' ', 'I']",52983541879884,A,GRMN
2022-02-24 14:33:17.940600+00:00,P,47.35376044568248,300,[' '],52983541879885,A,GRMN
2022-02-24 14:33:17.940600+00:00,T,49.582172701949844,4,"[' ', 'I']",62879264688487,A,GRMN
2022-02-24 14:33:17.940600+00:00,V,49.582172701949844,36,"[' ', 'I']",53043958068802,A,GRMN
2022-02-24 14:33:17.940600+00:00,V,49.582172701949844,11,"[' ', 'I']",53043958069597,A,GRMN
2022-02-24 14:33:17.940600+00:00,V,49.582172701949844,7,"[' ', 'I']",53043958069624,A,GRMN
2022-02-24 14:33:17.940600+00:00,V,49.582172701949844,6,"[' ', 'I']",53043958069829,A,GRMN
2022-02-24 14:33:17.940600+00:00,Z,48.74651810584953,1,"[' ', 'I']",52983525045099,A,GRMN
2022-02-24 14:33:18.516500+00:00,D,48.74651810584953,200,[' '],7167552679582984,A,GRMN
2022-02-24 14:33:19.768500+00:00,H,48.74651810584953,4,"[' ', 'F', 'I']",52983812737595,A,GRMN
2022-02-24 14:33:19.768500+00:00,K,48.74651810584953,4,"[' ', 'F', 'I']",52983525109114,A,GRMN
2022-02-24 14:33:19.768500+00:00,N,47.91086350974923,20,"[' ', 'I']",52983525233713,A,GRMN
2022-02-24 14:33:19.768500+00:00,N,47.35376044568248,80,"[' ', 'I']",52983525233714,A,GRMN
2022-02-24 14:33:19.768500+00:00,N,47.35376044568248,20,"[' ', 'F', 'I']",52983525233715,A,GRMN
2022-02-24 14:33:19.768500+00:00,N,47.35376044568248,20,"[' ', 'I']",52983525233716,A,GRMN
2022-02-24 09:00:00.152200+00:00,K,100.0,1,"['@', 'T', 'I']",1,C,ZM
2022-02-24 09:00:00.152200+00:00,K,100.0,2,"['@', 'T', 'I']",2,C,ZM
2022-02-24 09:00:00.152200+00:00,K,100.0,1,"['@', 'T', 'I']",3,C,ZM
2022-02-24 09:00:00.152200+00:00,K,100.0,1,"['@', 'T', 'I']",4,C,ZM
2022-02-24 09:00:00.152200+00:00,K,100.0,1,"['@', 'T', 'I']",5,C,ZM
2022-02-24 09:00:00.152200+00:00,K,100.0,1,"['@', 'T', 'I']",6,C,ZM
2022-02-24 09:00:00.152200+00:00,K,93.2857142857143,3,"['@', 'T', 'I']",7,C,ZM
2022-02-24 09:00:00.152200+00:00,K,93.2857142857143,12,"['@', 'T', 'I']",8,C,ZM
2022-02-24 09:00:00.152200+00:00,K,85.71428571428571,10,"['@', 'T', 'I']",9,C,ZM
2022-02-24 09:00:00.152200+00:00,K,85.5714285714285,3,"['@', 'T', 'I']",10,C,ZM
2022-02-24 09:00:00.152200+00:00,K,82.14285714285714,10,"['@', 'T', 'I']",11,C,ZM
2022-02-24 09:00:00.152200+00:00,K,77.57142857142867,1,"['@', 'T', 'I']",12,C,ZM
2022-02-24 09:00:00.154600+00:00,P,77.57142857142867,10,"['@', 'T', 'I']",1,C,ZM
2022-02-24 09:00:01.395500+00:00,P,71.57142857142864,10,"['@', 'F', 'T', 'I']",2,C,ZM
2022-02-24 09:00:01.525600+00:00,P,77.57142857142867,1,"['@', 'T', 'I']",3,C,ZM
2022-02-24 09:00:04.029700+00:00,K,77.57142857142867,15,"['@', 'F', 'T', 'I']",13,C,ZM
2022-02-24 09:00:11.672200+00:00,K,71.42857142857143,10,"['@', 'F', 'T', 'I']",14,C,ZM
2022-02-24 09:00:11.672200+00:00,P,72.42857142857133,10,"['@', 'T', 'I']",4,C,ZM
2022-02-24 09:00:11.672200+00:00,P,71.42857142857143,2,"['@', 'T', 'I']",5,C,ZM
2022-02-24 09:00:11.672200+00:00,P,71.42857142857143,5,"['@', 'T', 'I']",6,C,ZM
2022-02-24 09:00:11.693200+00:00,K,71.42857142857143,10,"['@', 'F', 'T', 'I']",15,C,ZM
2022-02-24 09:00:11.693200+00:00,K,71.42857142857143,105,"['@', 'F', 'T']",16,C,ZM
2022-02-24 09:00:11.693200+00:00,K,68.99999999999997,40,"['@', 'F', 'T', 'I']",17,C,ZM
2022-02-24 09:00:58.692000+00:00,K,64.28571428571429,10,"['@', 'F', 'T', 'I']",18,C,ZM
2022-02-24 09:00:58.692000+00:00,K,64.28571428571429,7,"['@', 'F', 'T', 'I']",19,C,ZM
2022-02-24 09:00:58.692000+00:00,K,60.00000000000004,10,"['@', 'F', 'T', 'I']",20,C,ZM
2022-02-24 09:00:58.692000+00:00,T,57.71428571428581,10,"['@', 'T', 'I']",1,C,ZM
2022-02-24 09:00:58.692000+00:00,T,56.42857142857147,150,"['@', 'F', 'T']",2,C,ZM
2022-02-24 09:00:58.692000+00:00,T,56.42857142857147,7,"['@', 'F', 'T', 'I']",3,C,ZM
2022-02-24 09:00:58.692000+00:00,T,56.42857142857147,10,"['@', 'F', 'T', 'I']",4,C,ZM
2022-02-24 09:00:58.702600+00:00,K,57.14285714285714,17,"['@', 'T', 'I']",21,C,ZM
2022-02-24 09:00:58.702600+00:00,T,56.42857142857147,27,"['@', 'T', 'I']",5,C,ZM
2022-02-24 09:00:58.767300+00:00,P,57.71428571428581,10,"['@', 'T', 'I']",7,C,ZM
2022-02-24 09:01:05.955700+00:00,K,44.71428571428565,10,"['@', 'F', 'T', 'I']",22,C,ZM
2022-02-24 09:01:05.955700+00:00,K,44.57142857142863,10,"['@', 'F', 'T', 'I']",23,C,ZM
2022-02-24 09:01:05.955700+00:00,K,44.28571428571421,1,"['@', 'F', 'T', 'I']",24,C,ZM
2022-02-24 09:01:05.955700+00:00,K,43.2857142857143,10,"['@', 'F', 'T', 'I']",25,C,ZM
2022-02-24 09:01:05.955700+00:00,K,43.00000000000007,20,"['@', 'F', 'T', 'I']",26,C,ZM
2022-02-24 09:01:05.955700+00:00,K,42.857142857142854,12,"['@', 'F', 'T', 'I']",27,C,ZM
2022-02-24 09:01:05.955700+00:00,K,42.857142857142854,10,"['@', 'F', 'T', 'I']",28,C,ZM
2022-02-24 09:01:05.955700+00:00,P,50.0,1,"['@', 'F', 'T', 'I']",8,C,ZM
2022-02-24 09:01:05.955700+00:00,P,49.0000000000001,11,"['@', 'F', 'T', 'I']",9,C,ZM
2022-02-24 09:01:05.955700+00:00,P,42.857142857142854,1,"['@', 'F', 'T', 'I']",10,C,ZM
2022-02-24 09:01:05.955700+00:00,T,50.285714285714235,9,"['@', 'F', 'T', 'I']",6,C,ZM
2022-02-24 09:01:05.955700+00:00,T,49.0000000000001,12,"['@', 'F', 'T', 'I']",7,C,ZM
2022-02-24 09:01:05.955700+00:00,T,43.571428571428534,4,"['@', 'F', 'T', 'I']",8,C,ZM
2022-02-24 09:01:05.955700+00:00,T,42.857142857142854,9,"['@', 'F', 'T', 'I']",9,C,ZM
2022-02-24 09:01:07.075500+00:00,P,47.57142857142855,10,"['@', 'T', 'I']",11,C,ZM
2022-02-24 09:01:07.075500+00:00,T,48.714285714285666,10,"['@', 'T', 'I']",10,C,ZM
2022-02-24 09:01:09.927800+00:00,K,42.857142857142854,8,"['@', 'T', 'I']",29,C,ZM
2022-02-24 09:01:09.936000+00:00,K,42.857142857142854,1,"['@', 'T', 'I']",30,C,ZM
2022-02-24 09:01:09.936000+00:00,K,42.857142857142854,10,"['@', 'T', 'I']",31,C,ZM
2022-02-24 09:01:09.936000+00:00,K,42.857142857142854,1,"['@', 'T', 'I']",32,C,ZM
2022-02-24 09:01:20.068400+00:00,K,39.00000000000006,10,"['@', 'T', 'I']",33,C,ZM
2022-02-24 09:01:23.006400+00:00,K,37.28571428571428,10,"['@', 'T', 'I']",34,C,ZM
2022-02-24 09:01:23.006400+00:00,K,29.714285714285687,8,"['@', 'T', 'I']",35,C,ZM
2022-02-24 09:01:23.006400+00:00,K,28.57142857142857,1,"['@', 'T', 'I']",36,C,ZM
2022-02-24 09:01:23.006400+00:00,K,27.857142857142897,10,"['@', 'T', 'I']",37,C,ZM
2022-02-24 09:01:23.006400+00:00,K,27.142857142857224,5,"['@', 'T', 'I']",38,C,ZM
2022-02-24 09:01:23.006400+00:00,K,25.85714285714289,10,"['@', 'T', 'I']",39,C,ZM
2022-02-24 09:01:23.006400+00:00,K,25.0,10,"['@', 'T', 'I']",40,C,ZM
2022-02-24 09:01:23.006400+00:00,K,21.857142857142872,3,"['@', 'T', 'I']",41,C,ZM
2022-02-24 09:01:23.006400+00:00,K,7.142857142857142,4,"['@', 'T', 'I']",42,C,ZM
2022-02-24 09:01:23.006400+00:00,K,4.7142857142856895,20,"['@', 'T', 'I']",43,C,ZM
2022-02-24 09:01:23.006400+00:00,K,3.7142857142857872,1,"['@', 'T', 'I']",44,C,ZM
2022-02-24 09:01:23.006400+00:00,K,2.714285714285682,5,"['@', 'T', 'I']",45,C,ZM
2022-02-24 09:01:23.006400+00:00,K,0.0,13,"['@', 'T', 'I']",46,C,ZM
2022-02-24 09:01:23.006400+00:00,P,37.85714285714294,10,"['@', 'F', 'T', 'I']",12,C,ZM
2022-02-24 09:01:23.006400+00:00,P,37.85714285714294,1,"['@', 'F', 'T', 'I']",13,C,ZM
2022-02-24 09:01:23.006400+00:00,T,37.85714285714294,10,"['@', 'F', 'T', 'I']",11,C,ZM
2022-02-24 09:01:23.662400+00:00,T,34.42857142857138,10,"['@', 'T', 'I']",12,C,ZM
2022-02-24 09:01:23.662400+00:00,T,34.714285714285815,5,"['@', 'T', 'I']",13,C,ZM
2022-02-24 09:01:23.662400+00:00,T,35.00000000000004,10,"['@', 'T', 'I']",14,C,ZM
2022-02-24 09:01:23.662400+00:00,T,35.85714285714293,10,"['@', 'T', 'I']",15,C,ZM
2022-02-24 09:01:23.662400+00:00,T,44.28571428571421,10,"['@', 'T', 'I']",16,C,ZM
2022-02-24 09:01:23.723300+00:00,T,48.714285714285666,15,"['@', 'T', 'I']",17,C,ZM
2022-02-24 09:01:24.594000+00:00,T,41.000000000000064,5,"['@', 'T', 'I']",18,C,ZM
2022-02-24 09:01:24.594000+00:00,T,46.57142857142865,10,"['@', 'T', 'I']",19,C,ZM
2022-02-24 09:01:24.655900+00:00,T,48.714285714285666,16,"['@', 'T', 'I']",20,C,ZM
2022-02-24 09:01:25.619800+00:00,T,48.714285714285666,14,"['@', 'T', 'I']",21,C,ZM
2022-02-24 09:01:27.531900+00:00,P,47.714285714285765,10,"['@', 'F', 'T', 'I']",14,C,ZM
2022-02-24 09:01:27.531900+00:00,T,47.714285714285765,12,"['@', 'F', 'T', 'I']",22,C,ZM
2022-02-24 09:01:32.185900+00:00,T,47.714285714285765,12,"['@', 'F', 'T', 'I']",23,C,ZM
2022-02-24 09:01:33.443200+00:00,P,47.28571428571432,12,"['@', 'F', 'T', 'I']",15,C,ZM
2022-02-24 09:01:37.184500+00:00,P,47.42857142857133,12,"['@', 'F', 'T', 'I']",16,C,ZM
2022-02-24 09:01:37.184500+00:00,T,47.1428571428571,12,"['@', 'T', 'I']",24,C,ZM
2022-02-24 09:01:42.368300+00:00,T,47.1428571428571,11,"['@', 'T', 'I']",25,C,ZM
2022-02-24 09:01:42.399100+00:00,P,47.42857142857133,10,"['@', 'F', 'T', 'I']",17,C,ZM
2022-02-24 09:01:47.206400+00:00,P,47.57142857142855,11,"['@', 'F', 'T', 'I']",18,C,ZM
2022-02-24 09:01:47.206400+00:00,T,47.1428571428571,11,"['@', 'T', 'I']",26,C,ZM
2022-02-24 09:01:52.219000+00:00,T,46.57142857142865,11,"['@', 'F', 'T', 'I']",27,C,ZM
2022-02-24 09:01:52.279100+00:00,P,46.57142857142865,12,"['@', 'F', 'T', 'I']",19,C,ZM
2022-02-24 09:01:57.406200+00:00,P,46.857142857142875,10,"['@', 'F', 'T', 'I']",20,C,ZM
2022-02-24 09:01:57.406200+00:00,T,46.857142857142875,10,"['@', 'F', 'T', 'I']",28,C,ZM
2022-02-24 09:02:02.043700+00:00,P,47.00000000000009,12,"['@', 'F', 'T', 'I']",21,C,ZM
2022-02-24 09:02:02.043700+00:00,T,47.00000000000009,10,"['@', 'F', 'T', 'I']",29,C,ZM
2022-02-24 09:02:07.254600+00:00,P,47.00000000000009,10,"['@', 'F', 'T', 'I']",22,C,ZM
2022-02-24 09:02:07.254600+00:00,T,47.00000000000009,12,"['@', 'F', 'T', 'I']",30,C,ZM
2022-02-24 09:02:12.165800+00:00,T,47.00000000000009,11,"['@', 'F', 'T', 'I']",31,C,ZM
2022-02-24 09:02:14.440800+00:00,P,47.00000000000009,10,"['@', 'F', 'T', 'I']",23,C,ZM
2022-02-24 09:02:17.606400+00:00,T,48.714285714285666,15,"['@', 'T', 'I']",32,C,ZM
2022-02-24 09:02:22.441500+00:00,P,48.571428571428655,10,"['@', 'F', 'T', 'I']",24,C,ZM
2022-02-24 09:02:22.508000+00:00,T,48.571428571428655,11,"['@', 'F', 'T', 'I']",33,C,ZM
2022-02-24 09:02:27.411600+00:00,P,48.571428571428655,11,"['@', 'F', 'T', 'I']",25,C,ZM
2022-02-24 09:02:27.411600+00:00,T,48.571428571428655,10,"['@', 'F', 'T', 'I']",34,C,ZM
2022-02-24 09:02:28.087000+00:00,T,48.571428571428655,30,"['@', 'T', 'I']",35,C,ZM
2022-02-24 09:02:32.192900+00:00,P,48.714285714285666,10,"['@', 'F', 'T', 'I']",26,C,ZM
2022-02-24 09:02:32.192900+00:00,P,48.714285714285666,1,"['@', 'F', 'T', 'I']",27,C,ZM
2022-02-24 09:02:32.192900+00:00,T,48.714285714285666,11,"['@', 'F', 'T', 'I']",36,C,ZM
2022-02-24 09:02:44.321100+00:00,T,34.5714285714286,2,"['@', 'T', 'I']",37,C,ZM
2022-02-24 09:03:22.855200+00:00,P,45.42857142857152,10,"['@', 'T', 'I']",28,C,ZM
2022-02-24 09:03:25.657900+00:00,T,52.57142857142867,60,"['@', 'T', 'I']",38,C,ZM
2022-02-24 09:03:39.203700+00:00,T,47.714285714285765,5,"['@', 'T', 'I']",39,C,ZM
2022-02-24 09:04:06.900700+00:00,T,48.14285714285721,3,"['@', 'T', 'I']",40,C,ZM
2022-02-24 09:04:22.942100+00:00,K,45.00000000000008,46,"['@', 'T', 'I']",47,C,ZM
2022-02-24 09:04:22.942100+00:00,P,47.99999999999999,50,"['@', 'T', 'I']",29,C,ZM
2022-02-24 09:04:22.942100+00:00,P,47.857142857142776,50,"['@', 'T', 'I']",30,C,ZM
2022-02-24 09:04:22.942100+00:00,P,45.71428571428576,50,"['@', 'T', 'I']",31,C,ZM
2022-02-24 09:04:22.942100+00:00,P,45.71428571428576,4,"['@', 'T', 'I']",32,C,ZM
2022-02-24 09:04:22.942100+00:00,P,44.85714285714287,90,"['@', 'T', 'I']",33,C,ZM
2022-02-24 09:04:22.942100+00:00,P,44.85714285714287,86,"['@', 'T', 'I']",34,C,ZM
2022-02-24 09:04:22.942100+00:00,T,48.14285714285721,47,"['@', 'T', 'I']",41,C,ZM
2022-02-24 09:04:22.942100+00:00,T,47.857142857142776,50,"['@', 'T', 'I']",42,C,ZM
2022-02-24 09:04:22.942100+00:00,T,45.42857142857152,90,"['@', 'T', 'I']",43,C,ZM
2022-02-24 09:04:22.942100+00:00,T,45.142857142857096,5,"['@', 'T', 'I']",44,C,ZM
2022-02-24 09:04:22.942100+00:00,T,45.00000000000008,100,"['@', 'T']",45,C,ZM
2022-02-24 09:04:22.942100+00:00,T,44.85714285714287,608,"['@', 'T']",46,C,ZM
2022-02-24 09:04:22.942100+00:00,T,44.85714285714287,292,"['@', 'T']",47,C,ZM
2022-02-24 09:05:14.786900+00:00,T,44.85714285714287,15,"['@', 'F', 'T', 'I']",48,C,ZM
2022-02-24 09:05:24.737600+00:00,K,45.00000000000008,50,"['@', 'F', 'T', 'I']",48,C,ZM
2022-02-24 09:05:43.972200+00:00,T,44.85714285714287,30,"['@', 'T', 'I']",49,C,ZM
2022-02-24 09:05:43.972200+00:00,T,44.28571428571421,5,"['@', 'T', 'I']",50,C,ZM
2022-02-24 09:05:43.972200+00:00,T,43.714285714285744,10,"['@', 'T', 'I']",51,C,ZM
2022-02-24 09:05:43.972200+00:00,T,43.571428571428534,10,"['@', 'T', 'I']",52,C,ZM
2022-02-24 09:05:43.972200+00:00,T,43.571428571428534,10,"['@', 'T', 'I']",53,C,ZM
2022-02-24 09:05:43.972200+00:00,T,43.2857142857143,10,"['@', 'T', 'I']",54,C,ZM
2022-02-24 09:05:43.978400+00:00,T,42.857142857142854,4,"['@', 'T', 'I']",55,C,ZM
2022-02-24 09:05:43.978400+00:00,T,42.714285714285644,10,"['@', 'T', 'I']",56,C,ZM
2022-02-24 09:05:43.978400+00:00,T,35.85714285714293,31,"['@', 'T', 'I']",57,C,ZM
2022-02-24 09:05:48.245200+00:00,T,43.428571428571516,11,"['@', 'F', 'T', 'I']",58,C,ZM
2022-02-24 09:06:02.673600+00:00,T,43.571428571428534,10,"['@', 'T', 'I']",59,C,ZM
2022-02-24 09:06:31.700500+00:00,K,51.285714285714334,10,"['@', 'F', 'T', 'I']",49,C,ZM
2022-02-24 09:06:31.700500+00:00,K,52.142857142857224,10,"['@', 'F', 'T', 'I']",50,C,ZM
2022-02-24 09:06:31.700500+00:00,K,52.42857142857146,10,"['@', 'F', 'T', 'I']",51,C,ZM
2022-02-24 09:06:31.700500+00:00,K,53.142857142857125,30,"['@', 'F', 'T', 'I']",52,C,ZM
2022-02-24 09:06:31.700500+00:00,T,49.28571428571433,100,"['@', 'F', 'T']",60,C,ZM
2022-02-24 09:06:31.700500+00:00,T,53.142857142857125,60,"['@', 'F', 'T', 'I']",61,C,ZM
2022-02-24 09:06:31.700500+00:00,T,53.142857142857125,5,"['@', 'F', 'T', 'I']",62,C,ZM
2022-02-24 09:06:31.700500+00:00,T,53.42857142857136,100,"['@', 'F', 'T']",63,C,ZM
2022-02-24 09:06:31.700500+00:00,T,54.999999999999915,165,"['@', 'F', 'T']",64,C,ZM
2022-02-24 09:06:31.785500+00:00,P,53.42857142857136,5,"['@', 'F', 'T', 'I']",35,C,ZM
2022-02-24 09:06:31.785500+00:00,P,55.571428571428584,5,"['@', 'F', 'T', 'I']",36,C,ZM
2022-02-24 09:06:49.029300+00:00,K,45.85714285714277,5,"['@', 'F', 'T', 'I']",53,C,ZM
2022-02-24 09:06:49.029300+00:00,K,45.28571428571431,10,"['@', 'F', 'T', 'I']",54,C,ZM
2022-02-24 09:06:49.029300+00:00,K,44.85714285714287,2,"['@', 'F', 'T', 'I']",55,C,ZM
2022-02-24 09:06:49.029300+00:00,K,44.71428571428565,5,"['@', 'F', 'T', 'I']",56,C,ZM
2022-02-24 09:06:49.029300+00:00,T,45.999999999999986,5,"['@', 'F', 'T', 'I']",65,C,ZM
2022-02-24 09:06:49.029300+00:00,T,45.42857142857152,10,"['@', 'F', 'T', 'I']",66,C,ZM
2022-02-24 09:06:49.029300+00:00,T,44.57142857142863,10,"['@', 'F', 'T', 'I']",67,C,ZM
2022-02-24 09:06:49.029300+00:00,T,43.14285714285709,3,"['@', 'F', 'T', 'I']",68,C,ZM
2022-02-24 09:06:49.074400+00:00,P,45.71428571428576,5,"['@', 'F', 'T', 'I']",37,C,ZM
2022-02-24 09:06:49.074400+00:00,P,45.142857142857096,5,"['@', 'F', 'T', 'I']",38,C,ZM
2022-02-24 09:07:01.615700+00:00,T,45.00000000000008,5,"['@', 'F', 'T', 'I']",69,C,ZM
2022-02-24 09:07:01.626900+00:00,K,43.571428571428534,20,"['@', 'F', 'T', 'I']",57,C,ZM
2022-02-24 09:07:01.626900+00:00,T,43.14285714285709,7,"['@', 'F', 'T', 'I']",70,C,ZM
2022-02-24 09:07:06.831900+00:00,T,43.14285714285709,31,"['@', 'T', 'I']",71,C,ZM
2022-02-24 09:07:08.088600+00:00,P,45.71428571428576,10,"['@', 'T', 'I']",39,C,ZM
2022-02-24 09:07:08.088600+00:00,P,45.71428571428576,20,"['@', 'F', 'T', 'I']",40,C,ZM
2022-02-24 09:07:08.088600+00:00,P,45.71428571428576,20,"['@', 'F', 'T', 'I']",41,C,ZM
2022-02-24 09:07:08.088600+00:00,P,45.71428571428576,20,"['@', 'F', 'T', 'I']",42,C,ZM
2022-02-24 09:07:08.088600+00:00,P,45.71428571428576,8,"['@', 'F', 'T', 'I']",43,C,ZM
2022-02-24 09:07:08.242400+00:00,T,43.14285714285709,25,"['@', 'T', 'I']",72,C,ZM
2022-02-24 09:07:16.899400+00:00,T,48.85714285714288,5,"['@', 'T', 'I']",73,C,ZM
2022-02-24 09:07:16.908700+00:00,T,47.28571428571432,35,"['@', 'T', 'I']",74,C,ZM
2022-02-24 09:07:21.504500+00:00,T,52.285714285714235,10,"['@', 'F', 'T', 'I']",75,C,ZM
2022-02-24 09:07:21.504500+00:00,T,52.57142857142867,5,"['@', 'F', 'T', 'I']",76,C,ZM
2022-02-24 09:07:21.575000+00:00,T,52.857142857142904,22,"['@', 'F', 'T', 'I']",77,C,ZM
2022-02-24 09:07:31.779900+00:00,T,52.857142857142904,28,"['@', 'T', 'I']",78,C,ZM
2022-02-24 09:07:31.779900+00:00,T,54.28571428571425,72,"['@', 'T', 'I']",79,C,ZM
2022-02-24 09:07:48.998300+00:00,T,52.857142857142904,1,"['@', 'F', 'T', 'I']",80,C,ZM
2022-02-24 09:07:49.004900+00:00,K,52.857142857142904,2,"['@', 'F', 'T', 'I']",58,C,ZM
2022-02-24 09:07:49.004900+00:00,T,54.57142857142847,5,"['@', 'F', 'T', 'I']",81,C,ZM
2022-02-24 09:07:49.004900+00:00,T,54.999999999999915,235,"['@', 'F', 'T']",82,C,ZM
2022-02-24 09:07:50.806500+00:00,T,55.571428571428584,4,"['@', 'F', 'T', 'I']",83,C,ZM
2022-02-24 09:07:50.806500+00:00,T,56.42857142857147,996,"['@', 'F', 'T']",84,C,ZM
2022-02-24 09:07:52.287100+00:00,T,56.42857142857147,800,"['@', 'F', 'T']",85,C,ZM
2022-02-24 09:07:52.287100+00:00,T,56.42857142857147,5,"['@', 'F', 'T', 'I']",86,C,ZM
2022-02-24 09:07:52.961000+00:00,T,56.42857142857147,5,"['@', 'T', 'I']",87,C,ZM
2022-02-24 09:07:53.205100+00:00,T,57.14285714285714,72,"['@', 'F', 'T', 'I']",88,C,ZM
2022-02-24 09:07:54.512600+00:00,T,57.14285714285714,300,"['@', 'F', 'T']",89,C,ZM
2022-02-24 09:07:54.796800+00:00,T,57.14285714285714,10,"['@', 'F', 'T', 'I']",90,C,ZM
2022-02-24 09:07:57.395000+00:00,T,57.14285714285714,18,"['@', 'F', 'T', 'I']",91,C,ZM
2022-02-24 09:07:58.433100+00:00,T,71.42857142857143,5,"['@', 'F', 'T', 'I']",92,C,ZM
2022-02-24 09:08:17.886100+00:00,T,57.14285714285714,60,"['@', 'T', 'I']",93,C,ZM
2022-02-24 09:08:17.897600+00:00,T,57.14285714285714,5,"['@', 'T', 'I']",94,C,ZM
2022-02-24 09:08:17.897600+00:00,T,56.42857142857147,135,"['@', 'T']",95,C,ZM
2022-02-24 09:08:25.348300+00:00,T,57.14285714285714,2,"['@', 'F', 'T', 'I']",96,C,ZM
2022-02-24 09:08:35.045300+00:00,T,57.571428571428584,12,"['@', 'T', 'I']",97,C,ZM
2022-02-24 09:08:48.558100+00:00,T,57.14285714285714,18,"['@', 'F', 'T', 'I']",98,C,ZM
2022-02-24 09:08:55.053400+00:00,T,57.14285714285714,3,"['@', 'F', 'T', 'I']",99,C,ZM
2022-02-24 09:09:47.859200+00:00,K,57.14285714285714,10,"['@', 'F', 'T', 'I']",59,C,ZM
2022-02-24 09:10:53.513600+00:00,T,56.42857142857147,10,"['@', 'F', 'T', 'I']",100,C,ZM
2022-02-24 09:11:23.117800+00:00,T,56.42857142857147,14,"['@', 'T', 'I']",101,C,ZM
2022-02-24 09:11:53.459900+00:00,P,52.000000000000014,8,"['@', 'T', 'I']",44,C,ZM
2022-02-24 09:12:00.095600+00:00,T,58.571428571428484,4,"['@', 'T', 'I']",102,C,ZM
2022-02-24 09:13:15.595200+00:00,T,56.42857142857147,10,"['@', 'F', 'T', 'I']",103,C,ZM
2022-02-24 09:13:27.605100+00:00,T,56.42857142857147,10,"['@', 'F', 'T', 'I']",104,C,ZM
2022-02-24 09:14:00.708200+00:00,T,56.571428571428484,10,"['@', 'F', 'T', 'I']",105,C,ZM
2022-02-24 09:14:00.708200+00:00,T,56.42857142857147,11,"['@', 'F', 'T', 'I']",106,C,ZM
2022-02-24 09:14:00.708200+00:00,T,54.999999999999915,57,"['@', 'F', 'T', 'I']",107,C,ZM
2022-02-24 09:14:00.708200+00:00,T,52.857142857142904,22,"['@', 'F', 'T', 'I']",108,C,ZM
2022-02-24 09:14:00.708200+00:00,T,52.857142857142904,48,"['@', 'F', 'T', 'I']",109,C,ZM
2022-02-24 09:14:00.708200+00:00,T,51.57142857142857,42,"['@', 'F', 'T', 'I']",110,C,ZM
2022-02-24 09:14:00.708200+00:00,T,51.428571428571345,2,"['@', 'F', 'T', 'I']",111,C,ZM
2022-02-24 09:14:00.708200+00:00,T,51.285714285714334,10,"['@', 'F', 'T', 'I']",112,C,ZM
2022-02-24 09:14:00.708200+00:00,T,51.285714285714334,10,"['@', 'F', 'T', 'I']",113,C,ZM
2022-02-24 09:14:00.708200+00:00,T,50.85714285714289,34,"['@', 'F', 'T', 'I']",114,C,ZM
2022-02-24 09:14:00.708200+00:00,T,50.85714285714289,54,"['@', 'F', 'T', 'I']",115,C,ZM
2022-02-24 09:14:00.731300+00:00,T,50.285714285714235,5,"['@', 'F', 'T', 'I']",116,C,ZM
2022-02-24 09:14:00.731300+00:00,T,50.14285714285721,41,"['@', 'F', 'T', 'I']",117,C,ZM
2022-02-24 09:14:28.905500+00:00,K,52.999999999999915,10,"['@', 'T', 'I']",60,C,ZM
2022-02-24 09:14:28.905500+00:00,K,50.14285714285721,10,"['@', 'F', 'T', 'I']",61,C,ZM
2022-02-24 09:14:57.179700+00:00,T,50.85714285714289,20,"['@', 'T', 'I']",118,C,ZM
2022-02-24 09:15:49.114800+00:00,T,51.142857142857125,6,"['@', 'F', 'T', 'I']",119,C,ZM
2022-02-24 09:15:49.114800+00:00,T,51.142857142857125,9,"['@', 'F', 'T', 'I']",120,C,ZM
2022-02-24 09:16:28.047800+00:00,T,50.85714285714289,6,"['@', 'T', 'I']",121,C,ZM
2022-02-24 09:16:47.249000+00:00,P,51.142857142857125,2,"['@', 'T', 'I']",45,C,ZM
2022-02-24 09:16:47.249000+00:00,P,50.85714285714289,23,"['@', 'F', 'T', 'I']",46,C,ZM
2022-02-24 09:16:51.176900+00:00,T,50.85714285714289,24,"['@', 'T', 'I']",122,C,ZM
2022-02-24 09:16:51.176900+00:00,T,50.85714285714289,76,"['@', 'F', 'T', 'I']",123,C,ZM
2022-02-24 09:17:05.177900+00:00,T,50.71428571428568,30,"['@', 'T', 'I']",124,C,ZM
2022-02-24 09:17:05.177900+00:00,T,50.0,10,"['@', 'T', 'I']",125,C,ZM
2022-02-24 09:17:05.177900+00:00,T,50.0,6,"['@', 'T', 'I']",126,C,ZM
2022-02-24 09:17:07.446800+00:00,P,50.85714285714289,2,"['@', 'T', 'I']",47,C,ZM
2022-02-24 09:17:07.446800+00:00,P,50.0,6,"['@', 'F', 'T', 'I']",48,C,ZM
2022-02-24 09:17:43.374900+00:00,K,50.0,3,"['@', 'F', 'T', 'I']",62,C,ZM
2022-02-24 09:19:10.433800+00:00,T,57.14285714285714,13,"['@', 'F', 'T', 'I']",127,C,ZM
2022-02-24 09:19:15.732200+00:00,T,50.85714285714289,61,"['@', 'F', 'T', 'I']",128,C,ZM
2022-02-24 09:19:15.732200+00:00,T,50.0,139,"['@', 'F', 'T']",129,C,ZM
2022-02-24 09:19:24.434800+00:00,T,50.0,1,"['@', 'T', 'I']",130,C,ZM
2022-02-24 09:19:59.216300+00:00,T,50.85714285714289,10,"['@', 'T', 'I']",131,C,ZM
2022-02-24 09:20:56.836000+00:00,T,52.142857142857224,10,"['@', 'T', 'I']",132,C,ZM
2022-02-24 09:20:59.040400+00:00,K,57.14285714285714,10,"['@', 'T', 'I']",63,C,ZM
2022-02-24 09:21:10.345700+00:00,K,57.14285714285714,1,"['@', 'F', 'T', 'I']",64,C,ZM
2022-02-24 09:21:16.163800+00:00,K,57.14285714285714,59,"['@', 'T', 'I']",65,C,ZM
2022-02-24 09:21:16.191900+00:00,K,57.28571428571436,11,"['@', 'F', 'T', 'I']",66,C,ZM
2022-02-24 09:21:27.183500+00:00,T,57.14285714285714,27,"['@', 'F', 'T', 'I']",133,C,ZM
2022-02-24 09:21:56.722900+00:00,T,57.14285714285714,1,"['@', 'T', 'I']",134,C,ZM
2022-02-24 09:23:19.926400+00:00,T,54.28571428571425,1,"['@', 'F', 'T', 'I']",135,C,ZM
2022-02-24 09:23:48.592400+00:00,T,55.28571428571435,1,"['@', 'F', 'T', 'I']",136,C,ZM
2022-02-24 09:25:55.152100+00:00,P,55.28571428571435,4,"['@', 'F', 'T', 'I']",49,C,ZM
2022-02-24 09:26:29.396600+00:00,T,54.857142857142904,1,"['@', 'F', 'T', 'I']",137,C,ZM
2022-02-24 09:26:39.786400+00:00,P,54.857142857142904,10,"['@', 'T', 'I']",50,C,ZM
2022-02-24 09:26:39.820300+00:00,P,52.57142857142867,12,"['@', 'F', 'T', 'I']",51,C,ZM
2022-02-24 09:27:11.017500+00:00,T,52.57142857142867,8,"['@', 'T', 'I']",138,C,ZM
2022-02-24 09:28:47.598300+00:00,K,57.14285714285714,20,"['@', 'F', 'T', 'I']",67,C,ZM
2022-02-24 09:28:59.323600+00:00,T,52.57142857142867,10,"['@', 'T', 'I']",139,C,ZM
2022-02-24 09:29:05.257500+00:00,T,53.28571428571435,25,"['@', 'F', 'T', 'I']",140,C,ZM
2022-02-24 09:29:32.118700+00:00,T,56.99999999999993,10,"['@', 'T', 'I']",141,C,ZM
2022-02-24 09:29:32.118700+00:00,T,57.14285714285714,11,"['@', 'T', 'I']",142,C,ZM
2022-02-24 09:29:32.118700+00:00,T,57.14285714285714,12,"['@', 'T', 'I']",143,C,ZM
2022-02-24 09:29:32.118700+00:00,T,57.14285714285714,14,"['@', 'T', 'I']",144,C,ZM
2022-02-24 09:29:45.519000+00:00,T,58.99999999999993,10,"['@', 'F', 'T', 'I']",145,C,ZM
2022-02-24 09:29:45.519000+00:00,T,57.14285714285714,90,"['@', 'F', 'T', 'I']",146,C,ZM
2022-02-24 09:29:46.846200+00:00,T,57.14285714285714,500,"['@', 'F', 'T']",147,C,ZM
2022-02-24 09:29:46.905100+00:00,T,57.14285714285714,363,"['@', 'T']",148,C,ZM
2022-02-24 09:30:42.125600+00:00,T,57.14285714285714,2,"['@', 'F', 'T', 'I']",149,C,ZM
2022-02-24 09:31:08.973000+00:00,T,52.57142857142867,10,"['@', 'T', 'I']",150,C,ZM
2022-02-24 09:31:19.870000+00:00,T,52.57142857142867,4,"['@', 'T', 'I']",151,C,ZM
2022-02-24 09:31:58.138300+00:00,K,53.71428571428579,1,"['@', 'T', 'I']",68,C,ZM
2022-02-24 09:33:31.388600+00:00,T,64.57142857142851,4,"['@', 'T', 'I']",152,C,ZM
2022-02-24 09:33:39.490400+00:00,P,65.85714285714285,10,"['@', 'T', 'I']",52,C,ZM
2022-02-24 09:33:39.490400+00:00,P,67.85714285714286,10,"['@', 'T', 'I']",53,C,ZM
2022-02-24 09:33:39.561900+00:00,P,68.57142857142853,10,"['@', 'T', 'I']",54,C,ZM
2022-02-24 09:34:03.362600+00:00,K,53.28571428571435,1,"['@', 'F', 'T', 'I']",69,C,ZM
2022-02-24 09:34:03.362600+00:00,T,54.28571428571425,43,"['@', 'F', 'T', 'I']",153,C,ZM
2022-02-24 09:34:03.362600+00:00,T,54.28571428571425,6,"['@', 'F', 'T', 'I']",154,C,ZM
2022-02-24 09:34:03.377100+00:00,P,50.14285714285721,50,"['@', 'F', 'T', 'I']",55,C,ZM
2022-02-24 09:34:03.377100+00:00,T,54.28571428571425,4,"['@', 'T', 'I']",155,C,ZM
2022-02-24 09:34:03.377100+00:00,T,52.999999999999915,45,"['@', 'T', 'I']",156,C,ZM
2022-02-24 09:35:40.604400+00:00,P,51.428571428571345,2,"['@', 'T', 'I']",56,C,ZM
2022-02-24 09:36:30.460300+00:00,T,57.14285714285714,1,"['@', 'T', 'I']",157,C,ZM
2022-02-24 09:36:59.993500+00:00,T,57.14285714285714,13,"['@', 'T', 'I']",158,C,ZM
2022-02-24 09:37:04.504900+00:00,T,57.14285714285714,1,"['@', 'T', 'I']",159,C,ZM
2022-02-24 09:37:44.352800+00:00,T,57.14285714285714,85,"['@', 'T', 'I']",160,C,ZM
2022-02-24 09:38:28.433700+00:00,T,52.999999999999915,79,"['@', 'T', 'I']",161,C,ZM
2022-02-24 09:38:28.433700+00:00,T,52.999999999999915,30,"['@', 'T', 'I']",162,C,ZM
2022-02-24 09:38:28.433700+00:00,T,52.999999999999915,169,"['@', 'T']",163,C,ZM
2022-02-24 09:38:50.589900+00:00,T,52.999999999999915,14,"['@', 'T', 'I']",164,C,ZM
2022-02-24 09:39:52.169800+00:00,T,55.571428571428584,10,"['@', 'T', 'I']",165,C,ZM
2022-02-24 09:39:52.169800+00:00,T,55.14285714285714,10,"['@', 'T', 'I']",166,C,ZM
2022-02-24 09:39:52.169800+00:00,T,52.999999999999915,5,"['@', 'T', 'I']",167,C,ZM
2022-02-24 09:39:52.169800+00:00,T,52.999999999999915,20,"['@', 'F', 'T', 'I']",168,C,ZM
2022-02-24 09:39:52.169800+00:00,T,52.999999999999915,20,"['@', 'F', 'T', 'I']",169,C,ZM
2022-02-24 09:39:52.169800+00:00,T,52.999999999999915,10,"['@', 'F', 'T', 'I']",170,C,ZM
2022-02-24 09:39:52.169800+00:00,T,52.999999999999915,10,"['@', 'F', 'T', 'I']",171,C,ZM
2022-02-24 09:39:52.169800+00:00,T,52.999999999999915,4,"['@', 'F', 'T', 'I']",172,C,ZM
2022-02-24 09:41:21.917600+00:00,T,52.999999999999915,12,"['@', 'F', 'T', 'I']",173,C,ZM
2022-02-24 09:42:25.625800+00:00,T,53.28571428571435,10,"['@', 'T', 'I']",174,C,ZM
2022-02-24 09:42:34.258600+00:00,K,53.28571428571435,2,"['@', 'F', 'T', 'I']",70,C,ZM
2022-02-24 09:44:42.418300+00:00,T,52.57142857142867,18,"['@', 'F', 'T', 'I']",175,C,ZM
2022-02-24 09:44:42.418300+00:00,T,50.71428571428568,94,"['@', 'F', 'T', 'I']",176,C,ZM
2022-02-24 09:44:42.418300+00:00,T,50.571428571428655,167,"['@', 'F', 'T']",177,C,ZM
2022-02-24 09:44:42.418300+00:00,T,50.571428571428655,21,"['@', 'F', 'T', 'I']",178,C,ZM
2022-02-24 09:45:53.635600+00:00,T,52.999999999999915,111,"['@', 'F', 'T']",179,C,ZM
2022-02-24 09:45:53.635600+00:00,T,52.999999999999915,89,"['@', 'F', 'T', 'I']",180,C,ZM
2022-02-24 09:47:00.153300+00:00,P,52.999999999999915,5,"['@', 'T', 'I']",57,C,ZM
2022-02-24 09:47:00.153300+00:00,P,52.999999999999915,1,"['@', 'T', 'I']",58,C,ZM
2022-02-24 09:47:00.153300+00:00,P,52.857142857142904,9,"['@', 'F', 'T', 'I']",59,C,ZM
2022-02-24 09:47:17.274300+00:00,T,55.71428571428579,10,"['@', 'T', 'I']",181,C,ZM
2022-02-24 09:47:17.447900+00:00,P,55.28571428571435,12,"['@', 'T', 'I']",60,C,ZM
2022-02-24 09:47:17.447900+00:00,P,55.28571428571435,20,"['@', 'F', 'T', 'I']",61,C,ZM
2022-02-24 09:47:34.148400+00:00,T,53.142857142857125,10,"['@', 'F', 'T', 'I']",182,C,ZM
2022-02-24 09:47:37.441400+00:00,P,52.999999999999915,15,"['@', 'T', 'I']",62,C,ZM
2022-02-24 09:50:04.003700+00:00,T,50.9999999999999,88,"['@', 'F', 'T', 'I']",183,C,ZM
2022-02-24 09:50:04.032600+00:00,T,50.85714285714289,53,"['@', 'F', 'T', 'I']",184,C,ZM
2022-02-24 09:50:04.032600+00:00,T,50.85714285714289,9,"['@', 'F', 'T', 'I']",185,C,ZM
2022-02-24 09:50:13.859400+00:00,K,44.71428571428565,1,"['@', 'F', 'T', 'I']",71,C,ZM
2022-02-24 09:50:13.859400+00:00,P,50.14285714285721,8,"['@', 'F', 'T', 'I']",63,C,ZM
2022-02-24 09:50:13.859400+00:00,P,50.0,4,"['@', 'F', 'T', 'I']",64,C,ZM
2022-02-24 09:50:13.859400+00:00,P,50.0,46,"['@', 'F', 'T', 'I']",65,C,ZM
2022-02-24 09:50:13.859400+00:00,P,50.0,1,"['@', 'F', 'T', 'I']",66,C,ZM
2022-02-24 09:50:13.859400+00:00,P,50.0,16,"['@', 'F', 'T', 'I']",67,C,ZM
2022-02-24 09:50:13.859400+00:00,P,48.14285714285721,12,"['@', 'F', 'T', 'I']",68,C,ZM
2022-02-24 09:50:13.859400+00:00,T,50.85714285714289,19,"['@', 'F', 'T', 'I']",186,C,ZM
2022-02-24 09:50:13.859400+00:00,T,50.428571428571445,153,"['@', 'F', 'T']",187,C,ZM
2022-02-24 09:50:13.859400+00:00,T,50.428571428571445,77,"['@', 'F', 'T', 'I']",188,C,ZM
2022-02-24 09:50:13.859400+00:00,T,50.14285714285721,100,"['@', 'F', 'T']",189,C,ZM
2022-02-24 09:50:13.859400+00:00,T,50.0,110,"['@', 'F', 'T']",190,C,ZM
2022-02-24 09:50:13.885000+00:00,P,46.857142857142875,2,"['@', 'F', 'T', 'I']",69,C,ZM
2022-02-24 09:50:13.885000+00:00,P,42.857142857142854,1,"['@', 'F', 'T', 'I']",70,C,ZM
2022-02-24 09:50:28.464100+00:00,T,50.85714285714289,6,"['@', 'F', 'T', 'I']",191,C,ZM
2022-02-24 09:54:32.827100+00:00,K,50.85714285714289,8,"['@', 'F', 'T', 'I']",72,C,ZM
2022-02-24 09:56:08.623400+00:00,T,51.428571428571345,1,"['@', 'F', 'T', 'I']",192,C,ZM
2022-02-24 09:57:21.095900+00:00,T,51.57142857142857,1,"['@', 'T', 'I']",193,C,ZM
2022-02-24 10:00:03.972200+00:00,T,54.000000000000014,30,"['@', 'F', 'T', 'I']",194,C,ZM
2022-02-24 10:00:11.022600+00:00,K,57.14285714285714,2,"['@', 'F', 'T', 'I']",73,C,ZM
2022-02-24 10:01:39.623700+00:00,T,54.000000000000014,2,"['@', 'F', 'T', 'I']",195,C,ZM
2022-02-24 10:02:44.584700+00:00,P,54.000000000000014,1,"['@', 'F', 'T', 'I']",71,C,ZM
2022-02-24 10:04:33.694500+00:00,T,51.57142857142857,6,"['@', 'T', 'I']",196,C,ZM
2022-02-24 10:05:34.761000+00:00,P,60.99999999999994,6,"['@', 'T', 'I']",72,C,ZM
2022-02-24 10:05:34.761000+00:00,P,56.99999999999993,10,"['@', 'F', 'T', 'I']",73,C,ZM
2022-02-24 10:05:36.747800+00:00,P,60.99999999999994,6,"['@', 'T', 'I']",74,C,ZM
2022-02-24 10:06:11.002600+00:00,P,60.99999999999994,6,"['@', 'T', 'I']",75,C,ZM
2022-02-24 10:06:11.002600+00:00,P,56.99999999999993,10,"['@', 'F', 'T', 'I']",76,C,ZM
2022-02-24 10:06:28.484500+00:00,P,60.99999999999994,6,"['@', 'T', 'I']",77,C,ZM
2022-02-24 10:06:29.470600+00:00,P,60.99999999999994,4,"['@', 'T', 'I']",78,C,ZM
2022-02-24 10:06:29.470600+00:00,P,62.28571428571428,2,"['@', 'T', 'I']",79,C,ZM
2022-02-24 10:06:31.482200+00:00,T,57.14285714285714,8,"['@', 'F', 'T', 'I']",197,C,ZM
2022-02-24 10:06:31.516900+00:00,P,61.85714285714283,6,"['@', 'T', 'I']",80,C,ZM
2022-02-24 10:06:34.614700+00:00,P,62.71428571428572,6,"['@', 'T', 'I']",81,C,ZM
2022-02-24 10:06:36.635600+00:00,P,64.4285714285715,6,"['@', 'T', 'I']",82,C,ZM
2022-02-24 10:07:24.572500+00:00,P,67.42857142857142,6,"['@', 'T', 'I']",83,C,ZM
2022-02-24 10:07:39.567800+00:00,P,67.14285714285718,6,"['@', 'T', 'I']",84,C,ZM
2022-02-24 10:07:59.611100+00:00,P,66.57142857142853,6,"['@', 'T', 'I']",85,C,ZM
2022-02-24 10:08:02.554400+00:00,P,66.57142857142853,6,"['@', 'T', 'I']",86,C,ZM
2022-02-24 10:10:00.157500+00:00,T,57.571428571428584,18,"['@', 'T', 'I']",198,C,ZM
2022-02-24 10:10:00.157500+00:00,T,52.42857142857146,7,"['@', 'T', 'I']",199,C,ZM
2022-02-24 10:10:37.891100+00:00,P,53.57142857142857,1,"['@', 'T', 'I']",87,C,ZM
2022-02-24 10:10:37.891100+00:00,P,51.57142857142857,3,"['@', 'T', 'I']",88,C,ZM
2022-02-24 10:12:28.057300+00:00,T,64.4285714285715,1,"['@', 'T', 'I']",200,C,ZM
2022-02-24 10:12:28.057300+00:00,T,67.42857142857142,49,"['@', 'T', 'I']",201,C,ZM
2022-02-24 10:12:45.845200+00:00,T,52.42857142857146,2,"['@', 'F', 'T', 'I']",202,C,ZM
2022-02-24 10:15:15.803400+00:00,T,52.857142857142904,3,"['@', 'T', 'I']",203,C,ZM
2022-02-24 10:16:03.420700+00:00,P,53.71428571428579,10,"['@', 'T', 'I']",89,C,ZM
2022-02-24 10:16:03.420700+00:00,T,52.857142857142904,12,"['@', 'F', 'T', 'I']",204,C,ZM
2022-02-24 10:16:35.826900+00:00,P,60.85714285714293,5,"['@', 'T', 'I']",90,C,ZM
2022-02-24 10:16:43.852900+00:00,P,61.28571428571438,3,"['@', 'T', 'I']",91,C,ZM
2022-02-24 10:17:54.837700+00:00,P,60.5714285714285,10,"['@', 'T', 'I']",92,C,ZM
2022-02-24 10:19:05.363200+00:00,T,53.28571428571435,8,"['@', 'T', 'I']",205,C,ZM
2022-02-24 10:20:58.982500+00:00,P,52.857142857142904,6,"['@', 'T', 'I']",93,C,ZM
2022-02-24 10:21:06.444800+00:00,P,52.857142857142904,4,"['@', 'T', 'I']",94,C,ZM
2022-02-24 10:21:06.444800+00:00,P,52.000000000000014,2,"['@', 'T', 'I']",95,C,ZM
2022-02-24 10:22:03.284800+00:00,T,53.71428571428579,27,"['@', 'T', 'I']",206,C,ZM
2022-02-24 10:22:17.367100+00:00,T,56.85714285714292,7,"['@', 'F', 'T', 'I']",207,C,ZM
2022-02-24 10:22:20.959200+00:00,P,51.142857142857125,1,"['@', 'T', 'I']",96,C,ZM
2022-02-24 10:22:24.113100+00:00,P,52.000000000000014,6,"['@', 'T', 'I']",97,C,ZM
2022-02-24 10:22:29.241000+00:00,T,50.71428571428568,6,"['@', 'F', 'T', 'I']",208,C,ZM
2022-02-24 10:22:38.836100+00:00,T,50.85714285714289,28,"['@', 'F', 'T', 'I']",209,C,ZM
2022-02-24 10:22:38.836100+00:00,T,50.71428571428568,94,"['@', 'F', 'T', 'I']",210,C,ZM
2022-02-24 10:22:38.836100+00:00,T,50.71428571428568,1,"['@', 'F', 'T', 'I']",211,C,ZM
2022-02-24 10:22:38.851900+00:00,T,50.14285714285721,26,"['@', 'F', 'T', 'I']",212,C,ZM
2022-02-24 10:22:38.851900+00:00,T,50.0,250,"['@', 'F', 'T']",213,C,ZM
2022-02-24 10:22:45.888400+00:00,T,47.714285714285765,3,"['@', 'F', 'T', 'I']",214,C,ZM
2022-02-24 10:22:51.574200+00:00,T,47.714285714285765,7,"['@', 'F', 'T', 'I']",215,C,ZM
2022-02-24 10:22:51.574200+00:00,T,45.71428571428576,30,"['@', 'F', 'T', 'I']",216,C,ZM
2022-02-24 10:22:57.941500+00:00,T,44.28571428571421,9,"['@', 'F', 'T', 'I']",217,C,ZM
2022-02-24 10:23:33.885400+00:00,T,44.28571428571421,10,"['@', 'T', 'I']",218,C,ZM
2022-02-24 10:24:32.650800+00:00,K,44.57142857142863,1,"['@', 'F', 'T', 'I']",74,C,ZM
2022-02-24 10:24:32.650800+00:00,P,44.14285714285719,10,"['@', 'F', 'T', 'I']",98,C,ZM
2022-02-24 10:24:32.650800+00:00,P,44.14285714285719,1,"['@', 'F', 'T', 'I']",99,C,ZM
2022-02-24 10:24:32.650800+00:00,T,44.28571428571421,81,"['@', 'T', 'I']",219,C,ZM
2022-02-24 10:24:32.650800+00:00,T,44.14285714285719,10,"['@', 'T', 'I']",220,C,ZM
2022-02-24 10:24:32.650800+00:00,T,42.857142857142854,4,"['@', 'T', 'I']",221,C,ZM
2022-02-24 10:24:32.650800+00:00,T,42.857142857142854,2,"['@', 'T', 'I']",222,C,ZM
2022-02-24 10:24:32.650800+00:00,T,42.2857142857142,5,"['@', 'T', 'I']",223,C,ZM
2022-02-24 10:24:32.650800+00:00,T,35.714285714285715,2,"['@', 'T', 'I']",224,C,ZM
2022-02-24 10:24:32.650800+00:00,T,35.714285714285715,10,"['@', 'T', 'I']",225,C,ZM
2022-02-24 10:24:32.650800+00:00,T,31.571428571428484,186,"['@', 'T']",226,C,ZM
2022-02-24 10:24:33.729100+00:00,P,43.00000000000007,10,"['@', 'T', 'I']",100,C,ZM
2022-02-24 10:25:54.966600+00:00,K,31.571428571428484,1,"['@', 'T', 'I']",75,C,ZM
2022-02-24 10:26:16.339100+00:00,T,41.999999999999964,1,"['@', 'T', 'I']",227,C,ZM
2022-02-24 10:26:58.809300+00:00,P,41.999999999999964,10,"['@', 'F', 'T', 'I']",101,C,ZM
2022-02-24 10:26:58.809300+00:00,T,41.999999999999964,10,"['@', 'F', 'T', 'I']",228,C,ZM
2022-02-24 10:26:58.809300+00:00,T,36.42857142857139,4,"['@', 'F', 'T', 'I']",229,C,ZM
2022-02-24 10:26:58.841800+00:00,P,34.42857142857138,10,"['@', 'F', 'T', 'I']",102,C,ZM
2022-02-24 10:26:58.841800+00:00,P,34.28571428571437,26,"['@', 'F', 'T', 'I']",103,C,ZM
2022-02-24 10:26:59.901000+00:00,T,41.42857142857151,10,"['@', 'T', 'I']",230,C,ZM
2022-02-24 10:27:56.461300+00:00,T,37.00000000000005,6,"['@', 'T', 'I']",231,C,ZM
2022-02-24 10:29:33.354200+00:00,T,36.14285714285716,7,"['@', 'T', 'I']",232,C,ZM
2022-02-24 10:30:52.315000+00:00,P,52.285714285714235,6,"['@', 'T', 'I']",104,C,ZM
2022-02-24 10:30:52.417000+00:00,P,53.57142857142857,6,"['@', 'T', 'I']",105,C,ZM
2022-02-24 10:31:04.346800+00:00,P,53.57142857142857,6,"['@', 'T', 'I']",106,C,ZM
2022-02-24 10:31:42.477600+00:00,P,52.999999999999915,6,"['@', 'T', 'I']",107,C,ZM
2022-02-24 10:31:50.741500+00:00,T,37.28571428571428,20,"['@', 'T', 'I']",233,C,ZM
2022-02-24 10:32:02.370800+00:00,P,52.000000000000014,5,"['@', 'T', 'I']",108,C,ZM
2022-02-24 10:32:02.370800+00:00,P,53.57142857142857,1,"['@', 'T', 'I']",109,C,ZM
2022-02-24 10:32:08.530000+00:00,P,53.57142857142857,6,"['@', 'T', 'I']",110,C,ZM
2022-02-24 10:32:11.354900+00:00,P,53.57142857142857,6,"['@', 'T', 'I']",111,C,ZM
2022-02-24 10:33:02.201900+00:00,P,53.57142857142857,6,"['@', 'T', 'I']",112,C,ZM
2022-02-24 10:33:06.108300+00:00,P,37.85714285714294,5,"['@', 'T', 'I']",113,C,ZM
2022-02-24 10:34:11.441000+00:00,P,53.57142857142857,6,"['@', 'T', 'I']",114,C,ZM
2022-02-24 10:34:20.403500+00:00,P,53.57142857142857,6,"['@', 'T', 'I']",115,C,ZM
2022-02-24 10:34:56.419000+00:00,P,52.857142857142904,6,"['@', 'T', 'I']",116,C,ZM
2022-02-24 10:36:07.355300+00:00,P,42.857142857142854,8,"['@', 'F', 'T', 'I']",117,C,ZM
2022-02-24 10:36:07.355300+00:00,T,42.857142857142854,7,"['@', 'F', 'T', 'I']",234,C,ZM
2022-02-24 10:37:18.358700+00:00,P,49.71428571428577,6,"['@', 'T', 'I']",118,C,ZM
2022-02-24 10:37:18.424900+00:00,T,45.71428571428576,13,"['@', 'T', 'I']",235,C,ZM
2022-02-24 10:37:40.110000+00:00,P,52.857142857142904,6,"['@', 'T', 'I']",119,C,ZM
2022-02-24 10:38:47.809300+00:00,K,42.857142857142854,12,"['@', 'T', 'I']",76,C,ZM
2022-02-24 10:38:47.809300+00:00,T,45.71428571428576,17,"['@', 'T', 'I']",236,C,ZM
2022-02-24 10:39:05.625800+00:00,T,52.857142857142904,6,"['@', 'T', 'I']",237,C,ZM
2022-02-24 10:39:05.756800+00:00,P,52.142857142857224,6,"['@', 'T', 'I']",120,C,ZM
2022-02-24 10:40:34.332400+00:00,T,52.857142857142904,6,"['@', 'T', 'I']",238,C,ZM
2022-02-24 10:40:58.329900+00:00,T,46.285714285714214,24,"['@', 'F', 'T', 'I']",239,C,ZM
2022-02-24 10:41:01.345700+00:00,P,38.71428571428562,30,"['@', 'F', 'T', 'I']",121,C,ZM
2022-02-24 10:41:01.345700+00:00,T,39.00000000000006,70,"['@', 'F', 'T', 'I']",240,C,ZM
2022-02-24 10:41:15.367000+00:00,T,39.00000000000006,20,"['@', 'T', 'I']",241,C,ZM
2022-02-24 10:41:16.863000+00:00,T,46.42857142857143,100,"['@', 'F', 'T']",242,C,ZM
2022-02-24 10:41:17.948300+00:00,T,46.42857142857143,100,"['@', 'F', 'T']",243,C,ZM
2022-02-24 10:41:22.156100+00:00,T,46.42857142857143,43,"['@', 'F', 'T', 'I']",244,C,ZM
2022-02-24 10:42:39.486800+00:00,P,46.285714285714214,6,"['@', 'T', 'I']",122,C,ZM
2022-02-24 10:43:05.618800+00:00,P,45.28571428571431,11,"['@', 'F', 'T', 'I']",123,C,ZM
2022-02-24 10:43:05.618800+00:00,T,45.28571428571431,11,"['@', 'F', 'T', 'I']",245,C,ZM
2022-02-24 10:44:09.368900+00:00,T,40.142857142857174,100,"['@', 'F', 'T']",246,C,ZM
2022-02-24 10:44:46.071300+00:00,P,43.714285714285744,2,"['@', 'T', 'I']",124,C,ZM
2022-02-24 10:45:49.110700+00:00,T,40.142857142857174,20,"['@', 'T', 'I']",247,C,ZM
2022-02-24 10:46:23.188000+00:00,T,36.571428571428605,40,"['@', 'T', 'I']",248,C,ZM
2022-02-24 10:48:01.260600+00:00,P,44.57142857142863,6,"['@', 'T', 'I']",125,C,ZM
2022-02-24 10:49:38.638000+00:00,T,41.28571428571429,1,"['@', 'T', 'I']",249,C,ZM
2022-02-24 10:49:38.638000+00:00,T,37.28571428571428,14,"['@', 'T', 'I']",250,C,ZM
2022-02-24 10:50:53.006900+00:00,T,37.28571428571428,2,"['@', 'T', 'I']",251,C,ZM
2022-02-24 10:52:15.107400+00:00,P,37.28571428571428,2,"['@', 'F', 'T', 'I']",126,C,ZM
2022-02-24 10:52:15.107400+00:00,P,36.28571428571438,10,"['@', 'F', 'T', 'I']",127,C,ZM
2022-02-24 10:52:15.107400+00:00,T,37.28571428571428,24,"['@', 'F', 'T', 'I']",252,C,ZM
2022-02-24 10:53:07.130500+00:00,T,37.28571428571428,3,"['@', 'T', 'I']",253,C,ZM
2022-02-24 10:53:07.176900+00:00,T,37.28571428571428,140,"['@', 'F', 'T']",254,C,ZM
2022-02-24 10:53:07.176900+00:00,T,37.28571428571428,7,"['@', 'F', 'T', 'I']",255,C,ZM
2022-02-24 10:54:09.581300+00:00,K,42.857142857142854,1,"['@', 'F', 'T', 'I']",77,C,ZM
2022-02-24 10:54:26.253000+00:00,P,37.28571428571428,3,"['@', 'F', 'T', 'I']",128,C,ZM
2022-02-24 10:54:55.132200+00:00,P,35.5714285714285,6,"['@', 'T', 'I']",129,C,ZM
2022-02-24 10:54:58.250800+00:00,P,35.5714285714285,6,"['@', 'T', 'I']",130,C,ZM
2022-02-24 10:55:02.770900+00:00,P,35.5714285714285,6,"['@', 'T', 'I']",131,C,ZM
2022-02-24 10:55:02.968600+00:00,T,36.42857142857139,9,"['@', 'F', 'T', 'I']",256,C,ZM
2022-02-24 10:55:03.131000+00:00,K,37.28571428571428,1,"['@', 'F', 'T', 'I']",78,C,ZM
2022-02-24 10:55:04.968800+00:00,P,35.5714285714285,5,"['@', 'T', 'I']",132,C,ZM
2022-02-24 10:55:05.072200+00:00,P,33.142857142857046,1,"['@', 'T', 'I']",133,C,ZM
2022-02-24 10:55:13.760400+00:00,P,35.28571428571427,6,"['@', 'T', 'I']",134,C,ZM
2022-02-24 10:55:15.734000+00:00,P,35.28571428571427,5,"['@', 'T', 'I']",135,C,ZM
2022-02-24 10:55:15.734000+00:00,P,33.142857142857046,1,"['@', 'T', 'I']",136,C,ZM
2022-02-24 10:55:15.866800+00:00,P,32.85714285714282,1,"['@', 'T', 'I']",137,C,ZM
2022-02-24 10:55:15.949800+00:00,P,32.428571428571374,5,"['@', 'T', 'I']",138,C,ZM
2022-02-24 10:56:01.358200+00:00,T,36.42857142857139,30,"['@', 'F', 'T', 'I']",257,C,ZM
2022-02-24 10:56:01.358200+00:00,T,36.42857142857139,39,"['@', 'F', 'T', 'I']",258,C,ZM
2022-02-24 10:56:01.376700+00:00,P,35.714285714285715,10,"['@', 'F', 'T', 'I']",139,C,ZM
2022-02-24 10:56:01.376700+00:00,T,36.42857142857139,21,"['@', 'F', 'T', 'I']",259,C,ZM
2022-02-24 11:02:12.410600+00:00,P,36.42857142857139,6,"['@', 'T', 'I']",140,C,ZM
2022-02-24 11:02:28.545200+00:00,P,36.42857142857139,6,"['@', 'T', 'I']",141,C,ZM
2022-02-24 11:03:26.611000+00:00,T,37.14285714285706,7,"['@', 'T', 'I']",260,C,ZM
2022-02-24 11:04:05.121300+00:00,T,37.14285714285706,6,"['@', 'T', 'I']",261,C,ZM
2022-02-24 11:04:11.358500+00:00,P,36.571428571428605,6,"['@', 'T', 'I']",142,C,ZM
2022-02-24 11:04:17.294300+00:00,P,36.571428571428605,6,"['@', 'T', 'I']",143,C,ZM
2022-02-24 11:05:39.192800+00:00,T,42.857142857142854,3,"['@', 'T', 'I']",262,C,ZM
2022-02-24 11:05:39.192800+00:00,T,43.428571428571516,7,"['@', 'T', 'I']",263,C,ZM
2022-02-24 11:06:07.256300+00:00,P,45.42857142857152,10,"['@', 'T', 'I']",144,C,ZM
2022-02-24 11:06:07.256300+00:00,P,45.42857142857152,8,"['@', 'T', 'I']",145,C,ZM
2022-02-24 11:06:48.824900+00:00,K,43.428571428571516,10,"['@', 'F', 'T', 'I']",79,C,ZM
2022-02-24 11:06:56.290200+00:00,T,37.14285714285706,10,"['@', 'T', 'I']",264,C,ZM
2022-02-24 11:07:20.398400+00:00,P,36.714285714285616,6,"['@', 'T', 'I']",146,C,ZM
2022-02-24 11:07:33.220200+00:00,P,36.571428571428605,11,"['@', 'T', 'I']",147,C,ZM
2022-02-24 11:07:33.220200+00:00,P,36.42857142857139,38,"['@', 'T', 'I']",148,C,ZM
2022-02-24 11:07:33.220200+00:00,P,35.85714285714293,100,"['@', 'T']",149,C,ZM
2022-02-24 11:07:33.220200+00:00,P,35.714285714285715,20,"['@', 'F', 'T', 'I']",150,C,ZM
2022-02-24 11:07:33.220200+00:00,P,35.714285714285715,20,"['@', 'F', 'T', 'I']",151,C,ZM
2022-02-24 11:07:33.220200+00:00,P,35.714285714285715,20,"['@', 'F', 'T', 'I']",152,C,ZM
2022-02-24 11:07:33.220200+00:00,P,35.714285714285715,20,"['@', 'F', 'T', 'I']",153,C,ZM
2022-02-24 11:07:33.220200+00:00,P,35.714285714285715,20,"['@', 'F', 'T', 'I']",154,C,ZM
2022-02-24 11:07:33.220200+00:00,P,35.714285714285715,20,"['@', 'F', 'T', 'I']",155,C,ZM
2022-02-24 11:07:33.220200+00:00,P,35.714285714285715,20,"['@', 'F', 'T', 'I']",156,C,ZM
2022-02-24 11:07:33.220200+00:00,P,35.714285714285715,20,"['@', 'F', 'T', 'I']",157,C,ZM
2022-02-24 09:13:53.101300+00:00,K,67.22689075630265,1,"['@', 'T', 'I']",1,C,WING
2022-02-24 11:11:14.456200+00:00,K,46.722689075630356,1,"['@', 'T', 'I']",2,C,WING
2022-02-24 12:00:02.438700+00:00,K,84.03361344537831,1,"['@', 'T', 'I']",3,C,WING
2022-02-24 12:01:50.520400+00:00,P,61.680672268907465,1,"['@', 'T', 'I']",1,C,WING
2022-02-24 12:01:50.520400+00:00,P,46.722689075630356,4,"['@', 'T', 'I']",2,C,WING
2022-02-24 14:03:22.820100+00:00,D,33.613445378151326,550,"['@', 'T']",181,C,WING
2022-02-24 14:25:00.081200+00:00,K,13.109243697479037,1,"['@', 'T', 'I']",4,C,WING
2022-02-24 14:25:00.081200+00:00,K,13.109243697479037,1,"['@', 'T', 'I']",5,C,WING
2022-02-24 14:25:00.081200+00:00,T,12.77310924369735,1,"['@', 'T', 'I']",1,C,WING
2022-02-24 14:25:00.081200+00:00,T,12.77310924369735,1,"['@', 'T', 'I']",2,C,WING
2022-02-24 14:25:00.081200+00:00,T,12.77310924369735,1,"['@', 'T', 'I']",3,C,WING
2022-02-24 14:25:00.081200+00:00,T,12.77310924369735,1,"['@', 'T', 'I']",4,C,WING
2022-02-24 14:25:00.081200+00:00,T,12.77310924369735,1,"['@', 'T', 'I']",5,C,WING
2022-02-24 14:25:00.081200+00:00,T,12.77310924369735,1,"['@', 'T', 'I']",6,C,WING
2022-02-24 14:25:00.081200+00:00,T,12.77310924369735,1,"['@', 'T', 'I']",7,C,WING
2022-02-24 14:25:00.081200+00:00,T,12.77310924369735,1,"['@', 'T', 'I']",8,C,WING
2022-02-24 14:25:00.081200+00:00,T,12.77310924369735,1,"['@', 'T', 'I']",9,C,WING
2022-02-24 14:25:00.081200+00:00,T,12.77310924369735,1,"['@', 'T', 'I']",10,C,WING
2022-02-24 14:25:00.081200+00:00,T,12.77310924369735,1,"['@', 'T', 'I']",11,C,WING
2022-02-24 14:25:00.081200+00:00,T,12.77310924369735,1,"['@', 'T', 'I']",12,C,WING
2022-02-24 14:25:00.081200+00:00,Y,9.915966386554697,1,"['@', 'T', 'I']",1,C,WING
2022-02-24 14:25:00.082700+00:00,P,0.0,1,"['@', 'T', 'I']",3,C,WING
2022-02-24 14:25:00.082700+00:00,P,0.0,1,"['@', 'T', 'I']",4,C,WING
2022-02-24 14:27:51.507900+00:00,T,5.04201680672289,100,"['@', 'T']",13,C,WING
2022-02-24 14:27:51.513500+00:00,Y,5.04201680672289,100,"['@', 'T']",2,C,WING
2022-02-24 14:30:02.015000+00:00,T,29.41176470588241,18,"['@', 'T', 'I']",14,C,WING
2022-02-24 14:30:02.017300+00:00,P,5.714285714285783,2,"['@', 'I']",5,C,WING
2022-02-24 14:30:02.244100+00:00,T,28.40336134453783,3713,"['@', 'O', 'X']",15,C,WING
2022-02-24 14:30:02.466100+00:00,D,63.949579831933015,1,"['@', 'I']",281,C,WING
2022-02-24 14:30:02.596500+00:00,D,63.949579831933015,1,"['@', 'I']",381,C,WING
2022-02-24 14:30:02.761900+00:00,V,17.647058823529637,29,"['@', 'I']",1,C,WING
2022-02-24 14:30:03.140200+00:00,D,63.949579831933015,1,"['@', 'I']",481,C,WING
2022-02-24 14:30:03.222700+00:00,D,100.0,1,"['@', 'I']",178,C,WING
2022-02-24 14:30:03.315600+00:00,D,63.949579831933015,1,"['@', 'I']",581,C,WING
2022-02-24 14:30:04.044300+00:00,D,63.949579831933015,1,"['@', 'I']",681,C,WING
2022-02-24 14:30:04.179100+00:00,D,63.949579831933015,1,"['@', 'I']",781,C,WING
2022-02-24 14:30:04.549600+00:00,D,63.949579831933015,1,"['@', 'I']",881,C,WING
2022-02-24 14:30:05.305800+00:00,D,63.949579831933015,1,"['@', 'I']",981,C,WING
2022-02-24 14:30:05.610400+00:00,D,63.949579831933015,1,"['@', 'I']",1081,C,WING
2022-02-24 14:30:06.230900+00:00,D,28.40336134453783,1,"['@', '4', 'I']",1181,C,WING
2022-02-24 14:30:06.323100+00:00,D,63.949579831933015,1,"['@', 'I']",1281,C,WING
2022-02-24 14:30:07.622700+00:00,D,28.40336134453783,1,"['@', 'I']",1381,C,WING
2022-02-24 14:30:07.636200+00:00,D,28.40336134453783,1,"['@', 'I']",1481,C,WING
2022-02-24 14:30:07.683300+00:00,D,28.40336134453783,1,"['@', 'I']",1581,C,WING
2022-02-24 14:30:08.342800+00:00,D,4.3697478991595196,5,"['@', 'I']",1681,C,WING
2022-02-24 14:30:08.344100+00:00,D,4.3697478991595196,5,"['@', 'I']",1781,C,WING
2022-02-24 14:30:08.344100+00:00,D,4.3697478991595196,6,"['@', 'I']",1881,C,WING
2022-02-24 14:30:08.344100+00:00,D,4.3697478991595196,47,"['@', 'I']",1981,C,WING
2022-02-24 14:30:08.344100+00:00,D,4.3697478991595196,1,"['@', 'I']",2081,C,WING
2022-02-24 14:30:08.349100+00:00,D,4.3697478991595196,5,"['@', 'I']",2181,C,WING
2022-02-24 14:30:08.349100+00:00,D,4.3697478991595196,4,"['@', 'I']",2281,C,WING
2022-02-24 14:30:08.362600+00:00,C,9.243697478991805,100,['@'],1,C,WING
2022-02-24 14:30:09.208900+00:00,D,28.40336134453783,1,"['@', 'I']",2381,C,WING
2022-02-24 14:30:09.767800+00:00,D,100.0,1,"['@', 'I']",278,C,WING
2022-02-24 14:30:11.230700+00:00,D,4.537815126050601,50,"['@', 'I']",2481,C,WING
2022-02-24 14:30:13.690900+00:00,D,9.579831932773013,3,"['@', 'I']",2581,C,WING
2022-02-24 14:30:14.213100+00:00,D,4.537815126050601,99,"['@', 'I']",378,C,WING
2022-02-24 14:30:16.945400+00:00,K,8.403361344537831,3,"['@', 'F', 'I']",6,C,WING
2022-02-24 14:30:26.840800+00:00,D,19.075630252100723,25,"['@', 'I']",2681,C,WING
2022-02-24 14:30:26.865800+00:00,D,4.705882352941205,12,"['@', 'I']",2781,C,WING
2022-02-24 14:30:27.965900+00:00,D,14.673949579831854,10,"['@', 'I']",2881,C,WING
2022-02-24 14:30:35.484600+00:00,D,33.613445378151326,1,"['@', 'I']",2981,C,WING
2022-02-24 14:30:38.681800+00:00,D,20.168067226890603,100,['@'],3081,C,WING
2022-02-24 14:30:43.781000+00:00,P,9.243697478991805,57,"['@', 'F', 'I']",7,C,WING
2022-02-24 14:30:51.572000+00:00,D,33.613445378151326,1,"['@', 'I']",478,C,WING
2022-02-24 14:30:57.712600+00:00,D,20.42016806722699,1,"['@', 'I']",3181,C,WING
2022-02-24 14:30:57.950700+00:00,D,14.673949579831854,1,"['@', '4', 'I']",3281,C,WING
2022-02-24 14:31:03.905600+00:00,D,7.563025210083857,1,"['@', 'I']",3381,C,WING
2022-02-24 14:31:11.873900+00:00,D,20.58823529411759,1,"['@', 'I']",3481,C,WING
2022-02-24 14:31:18.390400+00:00,D,20.58823529411759,30,"['@', 'I']",3581,C,WING
2022-02-24 14:31:41.968000+00:00,D,7.899159663865542,1,"['@', 'I']",3681,C,WING
2022-02-24 14:31:42.173300+00:00,P,20.672268907562895,2,"['@', 'F', 'I']",8,C,WING
2022-02-24 14:31:42.173300+00:00,T,13.94957983193301,100,['@'],17,C,WING
2022-02-24 14:31:42.173300+00:00,T,9.579831932773013,1,"['@', 'I']",18,C,WING
2022-02-24 14:31:53.555600+00:00,T,30.252100840336382,50,"['@', 'I']",19,C,WING
2022-02-24 14:31:53.555600+00:00,T,30.252100840336382,1,"['@', 'I']",20,C,WING
2022-02-24 14:31:56.022500+00:00,T,31.26050420168096,2,"['@', 'F', 'I']",21,C,WING
2022-02-24 14:31:58.609400+00:00,T,32.94117647058844,3,"['@', 'I']",22,C,WING
2022-02-24 14:31:58.609400+00:00,T,33.44537815126072,97,"['@', 'I']",23,C,WING
2022-02-24 14:31:58.609400+00:00,T,33.44537815126072,3,"['@', 'I']",24,C,WING
2022-02-24 14:31:58.609400+00:00,T,33.613445378151326,12,"['@', 'F', 'I']",25,C,WING
2022-02-24 14:31:58.609400+00:00,T,33.613445378151326,6,"['@', 'F', 'I']",26,C,WING
2022-02-24 14:31:58.609400+00:00,T,33.613445378151326,82,"['@', 'F', 'I']",27,C,WING
2022-02-24 14:31:58.609400+00:00,T,34.453781512605296,12,"['@', 'F', 'I']",28,C,WING
2022-02-24 14:31:58.609400+00:00,T,34.453781512605296,3,"['@', 'F', 'I']",29,C,WING
2022-02-24 14:31:58.609400+00:00,T,34.6218487394959,21,"['@', 'F', 'I']",30,C,WING
2022-02-24 14:31:58.609400+00:00,T,34.6218487394959,12,"['@', 'F', 'I']",31,C,WING
2022-02-24 14:31:58.609400+00:00,T,34.6218487394959,12,"['@', 'F', 'I']",32,C,WING
2022-02-24 14:31:58.609400+00:00,T,34.6218487394959,12,"['@', 'F', 'I']",33,C,WING
2022-02-24 14:31:58.611800+00:00,N,37.47899159663856,1,"['@', 'F', 'I']",1,C,WING
2022-02-24 14:31:58.611800+00:00,N,37.47899159663856,2,"['@', 'F', 'I']",2,C,WING
2022-02-24 14:31:58.611800+00:00,N,37.47899159663856,2,"['@', 'F', 'I']",3,C,WING
2022-02-24 14:31:58.611800+00:00,N,37.47899159663856,2,"['@', 'F', 'I']",4,C,WING
2022-02-24 14:31:58.611800+00:00,N,37.47899159663856,2,"['@', 'F', 'I']",5,C,WING
2022-02-24 14:31:58.611800+00:00,N,37.47899159663856,2,"['@', 'F', 'I']",6,C,WING
2022-02-24 14:31:58.611800+00:00,N,37.47899159663856,2,"['@', 'F', 'I']",7,C,WING
2022-02-24 14:31:58.611800+00:00,N,37.47899159663856,2,"['@', 'F', 'I']",8,C,WING
2022-02-24 14:31:58.611800+00:00,N,37.47899159663856,2,"['@', 'F', 'I']",9,C,WING
2022-02-24 14:31:58.611800+00:00,N,37.47899159663856,2,"['@', 'F', 'I']",10,C,WING
2022-02-24 14:31:58.611800+00:00,N,37.47899159663856,2,"['@', 'F', 'I']",11,C,WING
2022-02-24 14:31:58.611800+00:00,P,33.613445378151326,2,"['@', 'F', 'I']",9,C,WING
2022-02-24 14:31:58.611800+00:00,P,36.470588235293974,6,"['@', 'F', 'I']",10,C,WING
2022-02-24 14:31:58.611800+00:00,P,36.470588235293974,6,"['@', 'F', 'I']",11,C,WING
2022-02-24 14:31:58.611800+00:00,P,36.470588235293974,6,"['@', 'F', 'I']",12,C,WING
2022-02-24 14:31:58.611800+00:00,P,36.470588235293974,16,"['@', 'I']",13,C,WING
2022-02-24 14:31:58.611800+00:00,P,36.470588235293974,12,"['@', 'F', 'I']",14,C,WING
2022-02-24 14:31:58.611800+00:00,P,36.470588235293974,46,"['@', 'I']",15,C,WING
2022-02-24 14:31:58.611800+00:00,T,34.6218487394959,12,"['@', 'F', 'I']",34,C,WING
2022-02-24 14:31:58.611800+00:00,T,34.6218487394959,19,"['@', 'F', 'I']",35,C,WING
2022-02-24 14:31:58.611800+00:00,T,34.6218487394959,42,"['@', 'I']",36,C,WING
2022-02-24 14:31:58.611800+00:00,T,36.470588235293974,3,"['@', 'F', 'I']",37,C,WING
2022-02-24 14:31:58.611800+00:00,T,36.470588235293974,9,"['@', 'F', 'I']",38,C,WING
2022-02-24 14:31:58.611800+00:00,T,36.470588235293974,52,"['@', 'F', 'I']",39,C,WING
2022-02-24 14:31:58.611800+00:00,T,36.470588235293974,9,"['@', 'F', 'I']",40,C,WING
2022-02-24 14:31:58.611800+00:00,T,36.470588235293974,9,"['@', 'F', 'I']",41,C,WING
2022-02-24 14:31:58.611800+00:00,T,36.470588235293974,9,"['@', 'F', 'I']",42,C,WING
2022-02-24 14:31:58.611800+00:00,T,36.470588235293974,1,"['@', 'F', 'I']",43,C,WING
2022-02-24 14:31:58.611800+00:00,Z,33.613445378151326,3,"['@', 'F', 'I']",1,C,WING
2022-02-24 14:31:58.620700+00:00,N,37.47899159663856,2,"['@', 'F', 'I']",12,C,WING
2022-02-24 14:31:58.620700+00:00,N,37.47899159663856,2,"['@', 'F', 'I']",13,C,WING
2022-02-24 14:31:58.624100+00:00,N,37.47899159663856,1,"['@', 'F', 'I']",14,C,WING
2022-02-24 14:31:58.624100+00:00,V,34.6218487394959,6,"['@', 'I']",2,C,WING
2022-02-24 14:31:58.875100+00:00,D,33.613445378151326,100,['@'],3781,C,WING
2022-02-24 14:32:06.184300+00:00,D,32.77310924369735,100,['@'],3881,C,WING
2022-02-24 14:32:06.250200+00:00,V,29.243697478991805,5,"['@', 'I']",3,C,WING
2022-02-24 14:32:06.250800+00:00,D,29.579831932773015,15,"['@', 'I']",578,C,WING
2022-02-24 14:32:06.286900+00:00,T,29.075630252100726,1,"['@', 'F', 'I']",44,C,WING
2022-02-24 14:32:06.289100+00:00,T,28.90756302521012,18,"['@', 'F', 'I']",45,C,WING
2022-02-24 14:32:06.289100+00:00,T,28.90756302521012,68,"['@', 'F', 'I']",46,C,WING
2022-02-24 14:32:06.289100+00:00,T,28.90756302521012,14,"['@', 'F', 'I']",47,C,WING
2022-02-24 14:32:06.289100+00:00,Z,28.235294117647225,18,"['@', 'F', 'I']",2,C,WING
2022-02-24 14:32:06.289100+00:00,Z,28.235294117647225,19,"['@', 'F', 'I']",3,C,WING
2022-02-24 14:32:06.540600+00:00,V,13.27731092436964,50,"['@', 'I']",4,C,WING
2022-02-24 14:32:06.540600+00:00,V,10.084033613445301,29,"['@', 'I']",5,C,WING
2022-02-24 14:32:22.830400+00:00,D,17.983193277310843,11,"['@', 'I']",166,C,WING
2022-02-24 14:32:30.752800+00:00,D,17.983193277310843,6,"['@', 'I']",3981,C,WING
2022-02-24 14:32:36.503700+00:00,D,40.23025210084034,100,['@'],678,C,WING
2022-02-24 14:32:45.002500+00:00,D,39.1596638655465,1,"['@', 'I']",266,C,WING
2022-02-24 14:32:57.433800+00:00,D,8.403361344537831,5,"['@', 'I']",4081,C,WING
2022-02-24 14:32:57.965300+00:00,D,28.31932773109253,1,"['@', 'I']",4181,C,WING
2022-02-24 14:32:58.646400+00:00,M,8.571428571428436,91,"['@', 'F', 'I']",1,C,WING
2022-02-24 14:33:11.954900+00:00,P,29.579831932773015,6,"['@', 'I']",16,C,WING
2022-02-24 14:33:12.329400+00:00,V,13.94957983193301,1,"['@', 'I']",6,C,WING
2022-02-24 14:33:15.710300+00:00,D,28.663865546218553,100,['@'],778,C,WING
2022-02-24 14:33:31.480800+00:00,N,30.924369747899277,1,"['@', 'F', 'I']",15,C,WING
2022-02-24 14:33:31.480800+00:00,P,34.117647058823614,2,"['@', 'F', 'I']",17,C,WING
2022-02-24 14:33:31.480800+00:00,T,34.117647058823614,1,"['@', 'F', 'I']",48,C,WING
